2714 3621
1141 246 1584 254 -—-——.———-

333 359 477 392 sacra
508 351 738 393 accusata
772 344 1095 412 damnataque
1131 362 1269 408 esse,
1316 361 1458 412 quam
1496 353 1701 412 propter
1742 342 1980 395 veneficia
2014 358 2268 393 sacrorum
2315 342 2398 392 ob·

331 444 471 485 tentu
503 444 685 500 parata.
757 436 962 485 Scilicet
998 436 1174 485 mulier
1206 436 1415 501 impura,
1436 452 1533 501 quo
1561 436 1730 502 plures
1767 435 1991 484 alliceret
2023 433 2274 495 thiasotas,
2309 432 2399 482 Sa·

333 526 522 575 bazium
560 542 702 573 suum
751 524 895 573 etiam
941 526 1036 573 hoc
1082 526 1277 574 nomine
1307 526 1705 587 commendabat,
1755 526 1883 591 quod
1927 542 2074 591 quum
2113 524 2207 574 alia
2249 523 2400 573 multa

335 615 599 666 cultoribus
635 614 738 663 suis
764 614 1001 663 beneficia
1031 616 1309 679 praeberet,
1343 623 1447 663 tum
1466 615 1613 664 etiam
1643 616 1768 664 hanc
1794 616 2065 666 amantibus
2090 631 2233 681 opem
2259 629 2399 682 prae·

334 713 504 765 staret,
538 711 590 753 ut
626 720 715 769 per
746 703 1099 753 medicamenta
1136 703 1374 770 quaedam
1412 720 1522 754 cum
1560 703 1669 754 eius
1702 704 1913 756 numinis
1949 705 2259 757 invocatione
2294 721 2399 755 cer·

336 794 498 860 tisque
534 793 847 843 caerimoniis
884 802 1055 860 parata
1085 810 1274 856 eorum,
1310 809 1339 843 a
1375 792 1552 859 quibus
1590 810 1646 843 se
1675 793 1826 844 amari
1865 796 2060 857 vellent,
2093 794 2279 846 animos
2308 794 2401 845 sibi

334 884 656 935 devincirent.
737 883 976 934 Eiusdem
1021 884 1213 935 Sabazii
1271 883 1417 934 etiam
1474 883 1787 935 Glaucothea
1831 886 2066 935 sacerdos
2114 885 2229 948 fuit,
2273 902 2401 952 quae

331 959 446 1025 licet
470 975 681 1024 fortasse
715 990 958 1040 nunquam
997 975 1057 1025 ad
1106 974 1346 1024 veneficia
1393 974 1548 1024 sacris
1580 976 1732 1024 abusa
1764 974 1854 1038 sit,
1884 992 1978 1025 non
2008 984 2170 1025 tamen
2205 978 2402 1026 obstare

333 1067 426 1115 hoc
463 1065 788 1115 Demostheni
823 1066 998 1130 potuit,
1030 1083 1127 1129 quo
1168 1065 1326 1115 minus
1358 1082 1465 1115 eam
1498 1082 1607 1115 cum
1638 1066 1792 1114 altera
1829 1066 2165 1115 Sabaziorum>
2186 1066 2402 1116 antistite

333 1166 559 1222 tanquam
593 1155 800 1205 similem
839 1173 896 1205 ac
940 1173 1107 1222 parem
1146 1164 1489 1222 componeret,
1536 1173 1697 1222 neque
1743 1164 1941 1205 curaret
1985 1172 2252 1222 quaerere,
2287 1173 2401 1222 sup-

334 1244 532 1312 plicium
577 1246 691 1294 huic
728 1257 891 1295 utrum
922 1258 1125 1313 propter
1145 1263 1302 1309 sacra,
1339 1263 1400 1296 an
1433 1256 1638 1313 propter
1680 1246 1920 1296 veneficia
1941 1262 2294 1313 sacrorumque
2321 1247 2401 1296 ab·

336 1353 477 1385 usum
500 1336 736 1386 inflictum
767 1346 902 1386 esset
917 1337 981 1402 ⁵).
1054 1338 1180 1386 Tam
1216 1337 1494 1404 religiosam
1545 1336 1765 1386 veritatis
1811 1336 2228 1398 observationem,
2262 1351 2401 1403 prae-

334 1463 521 1511 puhiicam
551 1462 650 1500 hanc
676 1461 914 1500 sacerdotem
940 1463 1063 1500 ruisse
1089 1470 1199 1500 nemo
1226 1462 1377 1507 credet,
1408 1470 1482 1500 non
1508 1463 1631 1508 magis
1659 1470 1768 1508 quam
1795 1461 2081 1500 Glaucotheam:
2111 1458 2257 1509 ἱερείας
2285 1470 2401 1500 voea-

335 1537 423 1575 hnlo
450 1535 543 1574 nihii
571 1537 646 1573 nisi
681 1535 897 1573 sacrificula
930 1535 1179 1581 significatur.
1231 1535 1278 1573 Et
1312 1544 1360 1574 ne
1393 1537 1491 1573 civis
1518 1536 1664 1581 quidem
1701 1536 1867 1573 tortasse
1893 1535 1983 1573 mitt
2026 1535 2131 1574 certe
2157 1544 2291 1589 nomen
2318 1538 2401 1575 eius

333 1608 646 1658 peregrinitatem
681 1609 841 1657 prodere
868 1609 1028 1648 videtur.
1081 1609 1186 1656 Quod
1212 1617 1321 1656 quum
1353 1609 1452 1648 iilius
1477 1610 1581 1657 eius,
1607 1611 1642 1648 is
1668 1618 1692 1648 a
1723 1618 1794 1657 quo
1820 1608 1957 1657 postea
1982 1607 2173 1648 Menecles
2198 1609 2402 1649 accusatus

332 1686 405 1729 est,
432 1685 531 1721 civis
559 1685 644 1721 sine
671 1683 782 1720 duhio
808 1683 934 1728 ruerit,
962 1683 1201 1721 statuendum
1220 1683 1303 1729 erit,
1330 1683 1429 1721 huuc
1454 1683 1519 1721 aut
1544 1680 1830 1733 δημοποίητον
1858 1683 1992 1728 ruisse,
2018 1683 2084 1720 aut
2112 1683 2257 1731 patrem
2279 1686 2401 1723 civem

333 1757 526 1794 hahuisse.
585 1755 737 1794 Scimus
763 1755 863 1794 enim
892 1756 1063 1803 proximo
1095 1755 1185 1794 ante
1218 1755 1501 1803 Aristophontis
1537 1756 1661 1802 legem
1694 1756 1733 1794 et
1764 1754 1956 1794 Euciidem
1988 1755 2207 1794 archontem
2232 1756 2403 1805 tempore

332 1831 526 1867 civitatem
552 1828 667 1865 etiam
694 1828 763 1873 iis,
791 1829 852 1873 qui
878 1828 1025 1876 patrem
1060 1828 1203 1866 tantum
1229 1829 1371 1874 civem,
1398 1829 1554 1866 matrem
1589 1829 1828 1877 peregrinam
1851 1827 2045 1875 haherent,
2072 1836 2147 1866 nou
2175 1828 2402 1876 denegatam

333 1912 423 1941 esse
451 1902 542 1946 (vid.
561 1891 711 1946 Antiqu.
729 1903 755 1939 i.
775 1911 811 1948 p.
832 1901 894 1938 Gr.
913 1910 952 1948 p.
974 1898 1059 1938 198.
1079 1901 1230 1939 Griech.
1249 1901 1408 1938 Alterth.
1429 1898 1449 1936 l
1476 1910 1515 1949 p.
1533 1898 1655 1947 359.)‚
1681 1909 1802 1946 neque
1818 1901 2014 1946 quidquam
2039 1901 2175 1947 obstat,
2193 1910 2265 1947 quo
2281 1903 2404 1941 miuus

334 1977 405 2011 hoc
431 1976 600 2021 tempore
635 1973 738 2009 iilum
775 1972 859 2010 Nini
893 1973 1009 2009 fliium
1046 1974 1172 2009 natum
1209 1982 1300 2010 esse
1331 1974 1552 2019 credamus,
1586 1975 1693 2010 cuius
1730 1973 1973 2011 adversarius
2008 1973 2199 2013 Menecles
2233 1975 2267 2013 si
2304 1974 2403 2015 idem

336 2050 416 2091 mit,
444 2049 490 2084 de
515 2048 623 2083 cuius
655 2047 868 2083 hereditate
895 2048 1000 2083 extat
1030 2046 1129 2082 lsaei
1156 2048 1298 2090 oratio,
1333 2048 1392 2082 sic
1426 2054 1571 2091 quoque
1601 2047 1783 2094 temporis
1816 2048 1914 2084 ratio
1949 2048 2135 2094 congruit.
2188 2046 2279 2085 Nam
2304 2048 2403 2087 hunc

336 2131 422 2165 ego,
450 2129 589 2158 comm.
609 2120 648 2156 in
673 2119 769 2156 Isae.
789 2128 828 2166 p.
849 2116 934 2164 199,
961 2120 1117 2156 circiter
1143 2128 1229 2155 ann.
1248 2116 1327 2156 360
1352 2121 1534 2156 mortuum
1564 2128 1653 2156 esse
1683 2120 1854 2158 ostendi:
1884 2122 1931 2158 ad
1959 2129 2139 2158 summam
2171 2122 2402 2160 senectutem

335 2194 560 2240 pervenisse
579 2201 626 2229 ex
651 2193 737 2239 ipsa
763 2192 938 2230 oratione
966 2193 1225 2238 cognoscitur,
1253 2192 1490 2238 quamohrem
1512 2191 1622 2229 natus
1641 2192 1761 2230 videri
1792 2193 1902 2231 dehet
1919 2194 2011 2231 circ.
2031 2201 2118 2231 aun.
2138 2190 2213 2231 435
2231 2195 2295 2232 aut
2312 2190 2402 2240 4⁴0,

335 2269 370 2304 h.
389 2276 425 2304 e.
451 2266 607 2311 triginta
644 2265 803 2312 amplius
845 2266 956 2302 annis
990 2266 1080 2303 ante
1106 2264 1296 2303 Euclidem
1333 2265 1565 2302 vehentem.
1628 2263 1711 2301 Nini
1746 2266 1869 2304 autem
1897 2274 2014 2304 causa
2048 2275 2119 2304 non
2157 2267 2282 2305 multis
2315 2268 2402 2306 ante

336 2343 435 2378 huuc
461 2340 572 2376 annis
602 2339 690 2375 acta
717 2346 807 2376 esse
835 2338 994 2375 videtur.

436 2410 485 2461 5)
514 2412 634 2449 Verba
653 2410 930 2455 Demosthenis,
961 2406 1225 2454 Γλαυκοθέας
1244 2409 1317 2458 τῆς
1344 2406 1442 2454 τοὺς
1460 2407 1636 2455 θιάσους
1657 2409 1928 2462 συναγούσης,
1955 2405 2018 2459 ἐφ’
2036 2404 2099 2456 οἷς
2117 2409 2230 2461 ἑτέρα
2255 2411 2403 2463 τέθνη·

337 2499 406 2523 κεν
433 2482 574 2533 ἱέρεια,
605 2484 703 2521 hanc
738 2491 848 2521 unam
882 2483 1232 2530 interpretationem
1278 2483 1493 2528 admittunt,
1531 2484 1571 2522 ut
1609 2484 1732 2522 altera
1757 2485 1821 2522 iiia
1847 2486 2030 2523 sacerdos
2057 2489 2213 2535 propter
2241 2488 2402 2534 thiasos,

337 2559 466 2605 quales
494 2555 750 2596 Glaucotheae
776 2555 868 2601 sint,
898 2555 1073 2594 damnata
1096 2564 1186 2595 esse
1212 2555 1371 2602 dicatur,
1398 2565 1519 2602 neque
1545 2557 1739 2595 assentior
1768 2556 1968 2604 Loheekio,
1996 2560 2056 2604 qui
2082 2559 2167 2605 Agl.
2185 2568 2224 2607 p.
2241 2557 2318 2597 666
2342 2556 2405 2607 ἐφ’

341 2625 400 2675 οἷς
431 2632 543 2669 etiam
569 2637 639 2677 pro
665 2627 861 2666 indefinito
887 2621 938 2664 δι’
968 2623 995 2664 δι’
1020 2629 1145 2677 accipi
1170 2636 1286 2677 posse
1315 2628 1440 2677 putat,
1464 2628 1505 2666 ut
1534 2636 1609 2667 non
1636 2628 1774 2675 thiasi,
1810 2629 1879 2668 sed
1912 2630 2011 2669 aliud
2045 2631 2152 2678 quid,
2180 2640 2251 2678 quo
2280 2634 2402 2672 miuus

338 2705 502 2747 definite,
529 2703 602 2739 hoc
625 2702 849 2739 invidiosius
876 2701 1125 2746 significetur.
1181 2700 1306 2747 Neque
1333 2702 1432 2740 enim
1463 2702 1711 2747 grammatica
1740 2702 1838 2740 ratio
1867 2702 1939 2741 hoc
1969 2704 2128 2752 patitur,
2160 2704 2198 2742 et
2223 2705 2319 2743 satis
2345 2708 2401 2744 in-

339 2777 525 2813 vidiosum
551 2775 624 2811 hoc
653 2775 775 2821 ipsum
803 2774 884 2818 est,
912 2774 1007 2819 quod
1036 2774 1095 2810 sic
1128 2774 1321 2820 utriusque
1346 2774 1561 2812 sacerdotis
1599 2774 1715 2812 thiasi
1740 2775 1912 2821 tanquam
1941 2776 2108 2816 eiusdem
2146 2778 2300 2824 generis
2334 2779 2402 2818 iis-

338 2852 496 2893 demque
522 2846 675 2891 nag'itiis
702 2848 881 2891 inquinati
908 2847 1166 2890 designantur.
1222 2847 1274 2883 De
1288 2847 1496 2883 scholiasta
1523 2846 1640 2890 Dem„
1667 2855 1772 2891 quem
1794 2847 2000 2886 Loheekius
2025 2849 2181 2886 aiteram
2207 2850 2401 2901 interpret.

338 2924 509 2960 secutum
536 2930 627 2958 esse
652 2921 794 2964 credit,
821 2922 921 2957 intra
950 2922 1129 2957 dicemus.
