2714 3621
558 334 787 386 Forsitan
830 343 991 396 autem
1037 336 1212 404 aliquis
1254 337 1466 403 Josephi
1511 337 1852 388 auctoritatem
1896 338 1969 389 sic
2007 337 2136 389 tueri
2173 347 2395 404 conetur,

332 437 385 479 ut
420 429 577 493 legem
612 426 672 475 ab
703 442 762 475 eo
799 436 1225 479 commemoratam
1254 445 1348 478 non
1385 428 1444 478 ad
1483 427 1707 494 quemvis
1736 436 2022 479 exterorum
2055 429 2261 480 deorum
2294 433 2393 481 cul·

331 530 430 569 tum
468 514 718 583 pertinere
755 516 900 578 dicat,
937 518 1026 567 sed
1059 518 1120 569 ad
1156 518 1205 568 id
1226 534 1381 584 genus
1411 534 1683 579 sacrorum,
1716 534 1842 583 quae
1880 534 1973 568 non
2012 518 2136 568 intra
2174 520 2392 585 privatos

260 669 262 671 ,
331 608 543 675 parietes
579 606 948 658 continerentur
983 616 1033 658 et
1064 610 1123 659 ab
1153 608 1296 660 unius
1333 609 1507 659 domus
1543 624 1600 657 ac
1645 607 1853 660 familiae
1887 609 2160 661 hominibus
2197 611 2391 675 fierent,

327 699 415 750 sed
452 698 511 748 ad
549 714 675 765 quae
710 697 848 749 multi
885 698 1164 765 promiscue
1209 708 1578 760 concurrerent,
1612 715 1640 747 a
1675 698 1966 749 sacrificulis
1997 701 2174 764 allecti,
2214 702 2388 754 initiati

328 797 377 838 et
411 788 459 838 in
498 787 682 839 thiasos
717 788 1210 856 congregati,·qualia
1238 791 1437 841 suerunt
1469 790 1723 839 Metroaca
1761 796 1810 838 et
1841 789 2059 840 Sabazia.
2134 794 2188 843 ld
2227 794 2267 843 si
2303 795 2386 845 ad·

327 880 559 940 mittatur,
599 880 967 932 concedendum
1001 889 1168 931 tamen
1181 882 1324 932 simul
1361 882 1505 931 etiam
1530 882 1648 930 illud
1681 881 1790 942 erit,
1821 881 1914 930 hoc
1947 900 2102 948 genus
2131 902 2385 936 sacrorum

326 986 417 1019 non
450 978 655 1036 propter
689 977 1020 1037 contemptum
1059 973 1298 1039 quendam
1336 981 1421 1022 aut
1452 971 1617 1021 odium
1637 973 2007 1038 peregrinorum
2040 975 2262 1039 deorum,
2295 979 2383 1028 sed

324 1069 588 1126 propterea
621 1061 784 1128 potius
821 1062 1115 1129 prohibitum
1156 1078 1285 1125 esse,
1330 1062 1459 1128 quod
1498 1061 1766 1112 verendum
1808 1071 1956 1126 esset,
2005 1080 2065 1115 ne
2103 1066 2218 1132 quid
2254 1068 2384 1119 forte

324 1151 433 1201 mali
469 1161 615 1218 atque
660 1154 830 1220 flagitii
871 1156 930 1203 ab
976 1154 1253 1205 huiusmodi
1298 1153 1470 1204 thiasis
1516 1153 1917 1204 committeretur.
2001 1156 2184 1207 Verum
2233 1175 2293 1208 ne
2332 1160 2381 1210 id

324 1242 519 1307 quidem
574 1245 772 1309 probari
827 1254 1016 1310 potest,
1067 1244 1223 1294 fuisse
1279 1260 1489 1309 unquam
1544 1259 1713 1294 omnes
1765 1245 1958 1294 omnino
2011 1248 2380 1313 peregrinorum

322 1334 525 1383 deorum
583 1334 769 1385 thiasos
797 1346 799 1348 ’
826 1345 985 1400 atque¹
1025 1334 1321 1385 initiationes
1372 1333 1445 1383 sic
1498 1334 1784 1399 simpliciter
1827 1346 1878 1384 et
1922 1338 2145 1387 absolute
2190 1341 2380 1406 legibus

323 1425 628 1474 interdictos.
713 1427 863 1474 Certe
919 1443 1044 1491 quae
1096 1427 1159 1475 de
1208 1425 1488 1474 huiusmodi
1544 1426 1698 1473 sacris
1750 1427 2024 1491 peregrinis
2077 1430 2284 1493 primum
2331 1434 2380 1481 in

322 1514 531 1565 Atticam
568 1516 774 1566 invectis
803 1517 953 1566 relata
989 1525 1118 1579 sunt,
1149 1516 1197 1565 in
1235 1516 1311 1565 his
1348 1517 1525 1565 nullam
1562 1523 1656 1565 tam
1688 1517 1930 1583 generalis
1965 1517 2212 1570 interdicti
2248 1538 2380 1573 men·

319 1606 500 1656 tionem
520 1606 631 1656 fieri
657 1606 893 1657 videmus.
964 1607 1171 1673 Magnae
1188 1606 1357 1656 matris
1378 1605 1515 1656 initia
1535 1615 1857 1673 metragyrtes
1887 1606 2101 1673 quidam,
2136 1609 2377 1663 incertum

320 1715 415 1764 quo
452 1708 703 1764 tempore,
741 1716 769 1746 e
810 1698 1027 1765 Phrygia
1063 1698 1250 1748 invexit
1294 1698 1568 1764 multasque
1613 1698 1920 1747 mulierculas
1962 1700 2257 1769 initiavit¹⁶).
2325 1706 2377 1754 Is

320 1808 433 1841 mox
479 1791 525 1840 in
573 1792 850 1840 barathrum
899 1791 1152 1839 coniectus
1196 1806 1307 1838 esse
1348 1789 1556 1852 dicitur,
1609 1806 1703 1838 non
1747 1791 1874 1855 quod
1918 1793 2206 1858 peregrinae
2251 1795 2376 1845 deae

318 1882 602 1949 religionem
638 1882 1012 1944 introduxisset,
1053 1881 1141 1930 sed
1177 1881 1307 1947 quod
1339 1880 1553 1930 insanire
1590 1889 1640 1930 et
1673 1889 1985 1948 augustorum
2026 1884 2373 1949 mysteriorum

317 1972 683 2024 sanctimoniam
721 1973 953 2024 imitando
993 1973 1252 2040 profanare
1284 1971 1660 2039 censeretur¹⁶).
1732 1972 1931 2023 Scilicet
1966 1990 2059 2024 non
2084 1991 2200 2025 vera
2234 1992 2376 2027 sacra

315 2065 407 2115 ista
445 2063 825 2115 Atheniensibus
871 2063 1185 2124 videbantur,
1225 2062 1312 2134 sed
1359 2047 1764 2112 vesani'hominis
1799 2063 2131 2126 deliramenta,
2169 2083 2295 2131 quae
2331 2068 2372 2118 si

314 2308 478 2345 maiores
505 2307 627 2345 ruisse
646 2307 923 2353 haudquaquam
950 2306 1193 2354 improbabile
1209 2307 1283 2350 est,
1313 2306 1424 2352 atque
1450 2306 1509 2342 sic
1535 2305 1649 2342 facile
1667 2304 1767 2342 Iovis
1784 2303 1884 2342 Car-il
1911 2306 2047 2343 cultum
2074 2308 2111 2343 in
2136 2308 2209 2346 hac
2227 2310 2371 2349 tamilla

314 2381 495 2428 explicari
521 2389 639 2427 posse
672 2381 843 2428 apparet.
895 2379 974 2417 Non
1014 2388 1110 2426 opus
1136 2380 1199 2417 est
1229 2379 1344 2425 igitur
1377 2378 1600 2417 Herodotum
1637 2379 1700 2416 aut
1734 2378 1978 2424 malignitatis
2014 2381 2253 2427 insimulare,
2285 2392 2370 2421 cum

313 2452 526 2498 Plutarcho,
547 2452 593 2490 de
611 2451 698 2490 Her.
718 2452 804 2490 mal.
824 2452 941 2499 c.·23‚
971 2453 1079 2499 quasi
1097 2453 1293 2491 barbaram
1319 2452 1501 2498 originem
1528 2451 1640 2490 nobili
1660 2452 1823 2489 familiae
1844 2451 2044 2497 affinxerit,
2071 2461 2193 2499 neque
2211 2458 2369 2503 erroris,

313 2529 418 2573 quasi
446 2522 593 2565 Cariam
621 2527 744 2564 lovem
773 2535 854 2565 cum
883 2526 1029 2565 Caraeo
1056 2527 1279 2570 contuderit,
1308 2535 1329 2563 a
1357 2534 1428 2571 qua
1453 2527 1675 2573 suspicione
1703 2525 1900 2570 Bergklns,
1935 2526 2051 2564 Beltr.
2070 2536 2104 2565 z.
2125 2530 2270 2573 griech.
2290 2531 2370 2570 Mo-

313 2600 523 2639 natskunde
540 2610 577 2649 p.
596 2601 658 2647 60,
685 2610 729 2639 se
757 2608 843 2639 non·
858 2600 1062 2638 abhorrere
1087 2599 1293 2648 profitetur.
1345 2598 1543 2637 Welckero
1569 2599 1704 2643 autem,
1732 2596 1919 2644 Mythol.1
1943 2608 1980 2646 p.
1995 2598 2082 2644 642,
2110 2599 2244 2641 Catius
2261 2604 2370 2653 Jupfl-

314 2676 373 2711 ter
399 2683 420 2711 a
449 2672 595 2712 Carneo
622 2682 695 2711 non
728 2674 1019 2711 diversussesse
1046 2672 1203 2710 videtur.

418 2745 487 2795 15)
515 2747 595 2783 vid.
613 2747 721 2785 Phor.
739 2749 776 2785 et
803 2747 904 2784 Snid.
921 2756 954 2784 s.
971 2755 1007 2783 v.
1035 2742 1330 2796 μητραγύρτης.
1383 2745 1510 2783 Schol.
1526 2746 1716 2793 Aristoph.
1733 2745 1825 2782 Plut.
1842 2754 1877 2781 v.
1894 2746 1983 2782 431.

415 2818 485 2868 10)
513 2819 640 2857 Schol.
660 2820 851 2867 Aristoph.
872 2820 895 2856 l.
912 2828 966 2856 c.:
1019 2816 1074 2862 εἰς
1109 2814 1156 2855 τὸ
1193 2815 1405 2867 βάραθρον
1438 2814 1511 2854 τὸν
1550 2814 1692 2867 Φρύγα
1724 2814 1796 2854 τὸν
1831 2818 1905 2867 τῆς
1940 2816 2098 2868 μητρὸς
2131 2822 2216 2858 τῶν
2258 2824 2373 2861 θεῶν

313 2888 502 2941 ἐνέβαλον
532 2887 587 2937 ὦς
618 2888 883 2940 μεμηνότα,
912 2887 1048 2938 ἐπειδὴ
1065 2887 1290 2939 προέλεγεν,
1320 2884 1381 2925 ὅτι
1411 2885 1602 2938 ἕρχεταιῆ
1630 2886 1762 2938 μήτηρ
1790 2888 1844 2935 εἰς
1865 2887 2103 2940 ἐπιζήτησιν
2130 2894 2203 2942 τῆς
2233 2893 2368 2943 κόρης.

2041 2975 2091 3008 2·
