2714 3621
319 345 552 412 Aegypto
571 343 622 395 in
649 342 916 394 Graeciam
940 342 1302 410 immigrassent
1335 360 1722 410 graecarumque
1751 340 1998 392 civitatum
2022 335 2243 405 inquilini
2269 333 2383 385 facti

319 446 515 497 essent,
559 433 789 484 interdici
827 435 960 484 nullo
1005 434 1150 484 modo
1196 443 1414 500 poterat,
1461 433 1718 501 quominus
1765 433 1886 482 deos
1925 448 2042 481 suos
2086 425 2384 478 domesticos

321 532 677 575 venerarentur
711 540 951 589 sacraque
983 524 1141 589 patria
1175 524 1464 588 retinerent,
1492 525 1674 592 quippe
1710 540 1836 591 quae
1866 521 2023 573 omitti
2056 520 2162 570 sine
2197 530 2384 568 summa

320 615 572 681 impietate
616 630 712 665 non
759 629 908 680 posse
952 624 1293 664 censerentur.
1367 615 1723 681 Inquilinorum
1776 624 1939 665 autem
1986 629 2134 679 quum
2179 610 2227 660 in
2278 606 2384 657 aliis

319 704 611 767 civitatibus,
647 720 774 770 quae
809 711 1097 754 exterorum
1134 704 1445 754 commerciis
1483 705 1752 766 florebant,
1791 714 1892 756 tum
1935 702 2201 771 praecipue
2238 698 2379 750 Athe·

319 795 392 845 nis
424 811 595 861 magna
640 793 899 844 multitudo
934 792 1044 856 fuit,
1091 810 1183 843 nec
1226 793 1371 860 pauci
1418 810 1590 845 eorum
1635 797 1870 846 barbarae
1914 793 2116 862 originis
2129 791 2214 855 ¹¹)=
2257 788 2386 840 unde

319 885 640 951 consequitur
681 885 828 934 etiam
868 885 1187 933 barbarorum
1228 884 1434 934 deorum
1479 900 1622 934 sacra
1669 885 1855 951 privata
1885 886 2015 952 apud
2053 885 2142 935 hos
2179 897 2273 932 non
2304 880 2386 929 de·

317 976 490 1037 fuisse,
526 993 737 1042 quorum
772 976 816 1025 si
851 975 961 1042 quis
993 974 1239 1025 civitatem
1271 975 1658 1038 nancisceretur,
1691 975 1742 1025 id
1774 976 1906 1042 quod
1940 975 2164 1037 Athenis,
2195 981 2385 1040 postea-

318 1083 461 1134 quam
498 1066 654 1134 plebis
688 1065 953 1117 dominatio
989 1064 1279 1128 invaluerat,
1315 1081 1413 1116 non
1448 1065 1620 1132 paucis
1656 1064 1922 1133 contigisse
1958 1072 2164 1124 constat,
2192 1063 2235 1114 is
2266 1078 2389 1130 quos

319 1160 441 1209 deos
477 1157 743 1225 inquilinus
778 1158 1001 1207 coluerat
1047 1157 1249 1208 eosdem
1294 1157 1440 1207 etiam
1477 1156 1598 1206 civis
1643 1157 1808 1206 colere
1837 1173 1933 1206 non
1970 1154 2134 1218 desiit,
2171 1163 2225 1203 ut
2258 1152 2389 1219 apud

320 1248 700 1314 Aristophanem
737 1245 1071 1298 Execestides
1107 1249 1321 1314 quidam,
1357 1249 1553 1300 natione
1584 1248 1698 1310 Car,
1735 1248 2015 1298 conditione
2047 1245 2302 1296 libertinus
2340 1250 2390 1291 et

322 1338 443 1389 civis
480 1334 843 1402 adscripticius,
871 1335 1110 1388 irridetur
1143 1340 1275 1404 quod
1292 1341 1550 1389 barbarum
1580 1340 1757 1388 habeat
1790 1341 1999 1395 πατρῷον,
2029 1340 2123 1387 hoc
2152 1345 2229 1385 est
2256 1335 2387 1400 quod

290 1444 292 1446 ·
322 1446 445 1490 non,
490 1438 545 1478 ut
578 1426 778 1494 genuini
826 1428 960 1476 cives
997 1429 1177 1491 Attici,
1226 1430 1526 1495 Apollinem,
1566 1431 1654 1479 sed
1697 1430 1907 1496 aliquem
1944 1431 2090 1479 deum
2127 1428 2386 1476 barbarum

324 1529 377 1570 ut
410 1520 606 1575 πατρῷαι)
638 1517 768 1567 domi
799 1534 920 1567 suae
947 1519 1162 1583 colat¹²).
1235 1520 1408 1587 Neque
1436 1520 1577 1571 aliter
1614 1519 1957 1587 explicandum
2001 1519 2211 1580 videtur,
2256 1514 2387 1583 quod

322 1610 385 1660 de
404 1610 607 1675 Isagora
625 1609 918 1660 Herodotus
951 1619 1132 1673 narrat,
1169 1610 1397 1661 familiam
1434 1611 1542 1662 eius
1563 1610 1666 1661 lovi
1686 1611 1835 1661 Cario
1870 1627 2012 1660 sacra
2046 1609 2296 1660 factitasse
2312 1605 2386 1672 ²⁸).

323 1701 527 1767 Quippe
566 1701 802 1767 Isagorae
849 1702 1059 1751 maiores
1092 1719 1120 1750 e
1156 1702 1304 1751 Caria
1345 1703 1396 1751 in
1431 1703 1640 1753 Atticam
1687 1702 2030 1769 migraverant,
2066 1710 2117 1751 et
2157 1716 2303 1767 quum
2341 1699 2387 1747 in

322 1794 568 1843 civitatem
616 1795 807 1860 recepti
854 1803 1045 1856 essent,
1101 1810 1242 1844 sacra
1286 1795 1444 1861 patria
1492 1795 1796 1845 retinuerant
1809 1794 1882 1860 ¹⁴).
1969 1793 2055 1844 Sic
2104 1792 2253 1859 igitur
2295 1807 2387 1840 non

323 1901 509 1951 paucos
545 1884 668 1935 deos
704 1886 940 1935 barbaros
979 1885 1161 1934 aditum
1209 1885 1569 1952 quodammodo
1604 1886 1651 1935 in
1698 1885 1968 1944 civitatem,
2013 1883 2213 1950 privatis
2254 1883 2389 1933 dum-

323 1983 458 2025 taxat
496 1974 678 2038 sacris,
733 1976 950 2026 nancisci
1009 1976 1265 2040 debuisse,
1316 1977 1465 2044 idque
1509 1977 1698 2044 legibus
1748 1974 1996 2043 prohiberi
2039 1991 2132 2026 non
2169 1974 2390 2041 potuisse

323 2066 442 2115 satis
477 2074 697 2131 apparet.

432 2283 498 2334 ll)
526 2287 607 2325 vid.
626 2286 795 2336 Xenoph.
816 2287 862 2327 de
881 2289 988 2327 redlt.
1009 2297 1043 2327 c.
1063 2286 1100 2334 ⁶2,
1119 2285 1162 2326 3:
1205 2282 1337 2326 Λυδοὶ
1366 2285 1434 2325 καὶ
1456 2285 1611 2338 Φρύγες
1639 2284 1706 2326 καὶ
1737 2285 1871 2334 Σύροι
1903 2283 1969 2325 καὶ
1996 2282 2109 2325 ἄλλοι
2138 2283 2391 2324 παντοδαποὶ

324 2358 548 2409 βάρβαροι·
577 2356 722 2398 πολλοὶ
749 2356 822 2411 γὰρ
849 2361 1031 2399 τοιοῦτοι
1057 2360 1142 2399 τῶν
1169 2359 1385 2411 μετοίκων.
1415 2361 1472 2401 Cr.
1492 2363 1539 2400 ad
1566 2361 1665 2401 lsae.
1693 2372 1729 2410 p.
1748 2359 1835 2399 ί296.

428 2431 492 2482 12)
523 2434 716 2482 Aristoph.
736 2434 802 2472 Av.
823 2444 858 2472 v.
881 2432 978 2472 1534
1004 2435 1084 2473 Inv.
1105 2437 1156 2474 ct.
1180 2445 1214 2473 v.
1234 2432 1322 2473 764.

428 2505 491 2556 13)
519 2508 699 2548 Herodot.
718 2508 759 2554 V,
778 2505 841 2547 66.

428 2578 500 2633 14)
531 2582 600 2629 Qui
633 2581 750 2620 Nelea
788 2583 827 2620 et
858 2582 1047 2621 Androcle
1079 2583 1235 2621 ducibus
1270 2594 1318 2623 ex
1349 2585 1476 2623 Attica
1511 2586 1550 2622 in
1577 2583 1708 2622 Asiam
1735 2584 2013 2622 transiecerant
2039 2584 2161 2629 ibique
2188 2584 2224 2620 in
2254 2582 2391 2630 Lydiae

326 2655 365 2693 et
388 2654 524 2694 Cariae
556 2664 625 2694 ora
659 2655 777 2693 sedes
800 2656 1094 2703 occupaverant,
1128 2657 1367 2694 multifariam
1406 2659 1491 2695 sine
1527 2658 1638 2696 dubio
1668 2658 1909 2694 commerciis
1927 2658 1974 2700 et
1999 2657 2195 2694 connubiis
2220 2665 2302 2694 cum
2327 2666 2392 2694 ve-

324 2728 469 2767 teribus
494 2729 624 2767 harum
654 2730 851 2775 regionum
879 2730 1017 2767 incolis
1043 2731 1311 2776 miscebantur,
1340 2730 1437 2769 unde
1463 2730 1545 2770 neri
1573 2739 1647 2769 non
1673 2730 1806 2778 potuit,
1829 2732 1913 2776 quin
1941 2732 2054 2769 eiiam
2081 2729 2128 2768 de
2146 2730 2392 2776 religionibus

324 2810 451 2840 eornm
482 2803 618 2849 aliquid
645 2804 898 2851 susciperent.
952 2803 1006 2840 Ex
1032 2812 1160 2841 eorum
1188 2804 1357 2851 posteris
1382 2805 1418 2841 sl
1445 2805 1506 2849 qni
1532 2805 1669 2850 postca
1695 2805 1732 2840 in
1760 2805 1925 2842 veterem
1953 2805 2113 2852 patriam
2131 2804 2178 2840 ad
2206 2804 2391 2848 cognatos

324 2883 415 2913 suos
434 2876 732 2921 revertebantur,
763 2876 1058 2914 consentaneum
1087 2877 1147 2914 est
1166 2876 1316 2914 facilem
1348 2876 1407 2913 his
1435 2876 1482 2913 ad
1501 2876 1693 2914 civitatem
1719 2876 1855 2913 aditum
1883 2878 2016 2914 misse.
2069 2876 2182 2913 Tales
2209 2876 2391 2921 Isagorae
