2714 3621
1343 147 1389 202 5

334 340 463 396 sunt,
493 331 637 381 etiam
667 344 731 379 ex
763 328 857 379 hoc
892 343 1077 395 genere
1101 328 1219 379 nihil
1246 329 1386 381 nobis
1416 329 1688 381 innotuisse
1717 344 1811 378 non
1840 343 1957 377 sane
1988 324 2259 376 mirandum
2291 331 2392 382 est3

333 424 422 475 sed
467 422 530 473 de
575 419 957 471 Atheniensibus
1002 436 1224 487 quoque,
1269 438 1475 488 quorum
1515 421 1675 471 minus
1729 420 1989 469 obscurata
2027 414 2263 467 memoria
2298 421 2390 475 est,

333 513 703 579 haudquaquam
751 510 869 560 satis
922 519 1128 561 constat.
1223 513 1280 561 C.
1305 512 1368 562 F.
1390 519 1692 563 Hei-mannus
1728 510 1923 576 quidem
1939 549 1953 572 ,
1989 506 2390 575 diligentissimus

332 601 668 669 antiquitatum
694 617 982 667 graecarum
1017 600 1286 668 indagator,
1317 603 1477 653 cultus
1512 611 1713 653 exteros
1742 600 1791 650 h.
1811 617 1856 650 e.
1878 607 2159 650 exterorum
2183 597 2388 647 deorum

331 709 472 741 sacra
505 691 634 759 apud
660 691 886 741 Graecos
917 699 1001 740 aut
1035 700 1171 740 certe
1207 693 1335 759 apud
1366 694 1693 742 Athenienses
1717 692 1907 758 legibus
1941 691 2199 739 interdicta
2232 688 2387 737 fuisse

333 784 492 832 tribus
525 784 695 831 saltem
719 783 1010 832 testimoniis
1043 784 1242 849 probari
1272 791 1487 833 autumat
1501 784 1580 849 2),
1616 782 2030 848 reprehenditque
2067 779 2386 837 Lobeckium‚

330 873 490 924 virum
527 872 919 936 subtilissimum,
960 874 1043 941 qui
1071 874 1248 924 iisdem
1289 874 1383 924 illis
1415 872 1705 924 testimoniis
1740 871 2006 939 propositis
2043 870 2191 920 nihilo
2229 868 2386 917 minus

330 973 493 1014 tamen
529 963 753 1013 dubitare
783 980 838 1013 se
864 964 1120 1030 professus
1150 964 1230 1028 sit,
1264 980 1325 1015 an
1355 966 1502 1016 ullum
1533 980 1787 1015 sacrorum
1823 978 1977 1029 genus
2007 961 2211 1027 publicis
2233 960 2382 1009 Athe-

332 1053 572 1104 niensium
604 1053 791 1120 legibus
828 1054 1124 1120 prohibitum
1160 1054 1311 1105 fuerit
1325 1055 1391 1119 3).

550 1142 673 1193 Mihi
705 1152 867 1193 autem
899 1144 1176 1195 testimonia
1202 1145 1313 1208 ista,
1348 1145 1522 1211 quibus
1551 1154 1807 1211 tantopere
1827 1145 2143 1195 Hermannus
2165 1139 2380 1199 confidit,

329 1242 413 1283 aut
435 1233 551 1283 nihil
569 1251 771 1299 prorsus
801 1236 861 1284 ad
890 1253 994 1284 rem
1024 1236 1293 1301 pertinere,
1319 1245 1404 1285 aut
1429 1244 1565 1285 certe
1587 1252 1685 1285 non
1701 1236 1751 1285 id
1773 1235 1904 1301 quod
1935 1235 2018 1284 ille
2041 1234 2157 1284 vult-
2174 1233 2380 1297 probare

329 1324 570 1386 videntur,
602 1326 825 1391 maloque
856 1342 964 1375 cum
994 1326 1244 1376 Lobeckio
1276 1326 1516 1389 dubitare,
1552 1342 1695 1392 quam
1725 1342 1830 1375 rem
1861 1325 2097 1375 incertam
2130 1340 2219 1389 pro
2247 1332 2381 1372 certa

329 1415 581 1481 amplectit
617 1414 862 1482 huiusque
901 1416 1172 1466 sententiae
1202 1432 1341 1467 meae
1377 1416 1590 1467 rationes
1635 1416 1729 1466 hoc
1761 1417 1871 1466 loco
1899 1430 2150 1483 exponere
2187 1412 2379 1481 placuit.

553 1506 772 1557 Primum
804 1507 952 1573 igitur
981 1508 1354 1558 examinandum
1386 1517 1462 1558 est
1504 1507 1832 1557 testimonium
1877 1505 2252 1567 DemostheniS,
2297 1504 2379 1569 qui

327 1596 378 1645 in
412 1597 632 1652 oratione
671 1605 758 1646 ctr.
790 1598 1085 1648 Aeschinem
1131 1599 1194 1648 de
1232 1600 1356 1648 male
1398 1606 1539 1665 gesta
1575 1598 1844 1664 legatione,
1882 1598 1932 1664 ς.
1956 1598 2069 1647 281.
2096 1613 2144 1662 p.
2164 1596 2259 1644 431
2296 1595 2375 1655 R„

327 1686 662 1737 adversarium
698 1688 870 1753 quovis
906 1689 1049 1738 modo
1082 1689 1324 1739 invidiose
1360 1690 1666 1751 detrectans,
1704 1689 2044 1740 Glaucotheae
2078 1704 2188 1737 eum
2223 1687 2375 1735 filium

327 1777 562 1843 appellat,
599 1777 732 1840 eiuS‚
769 1795 894 1844 quae
927 1778 1110 1829 thiasos
1156 1778 1271 1830 olim
1305 1779 1677 1846 congregaverit
1706 1795 1862 1845 eaque
1898 1794 2036 1828 sacra
2066 1777 2372 1837 factitaverit,

326 1885 537 1934 quorum
574 1885 721 1918 causa
761 1869 854 1919 alia
891 1870 1130 1935 quaedam
1173 1871 1409 1921 sacerdos
1452 1870 1694 1936 supplicio
1742 1869 1916 1919 affecta
1954 1869 2031 1919 sit.
2111 1869 2265 1918 Sacra
2294 1868 2375 1918 illa

326 1958 532 2008 Sabazia
565 1960 718 2008 fuisse
755 1960 950 2009 aliunde
986 1969 1291 2027 compertum
1336 1963 1598 2011 habemusz
1642 1962 1705 2010 de
1745 1963 1896 2010 altera
1939 1959 2196 2009 sacerdote
2232 1969 2372 2009 vetus

322 2050 569 2117 interpres
607 2052 777 2115 docet,
813 2053 967 2101 fuisse
997 2069 1103 2101 eam
1142 2053 1323 2103 Ninum
1365 2054 1629 2121 quandam,
1675 2070 1877 2120 eamque
1913 2069 1940 2100 a
1970 2052 2195 2101 Menecle
2231 2069 2373 2101 accu-

322 2146 477 2190 satam
503 2157 632 2205 esse,
668 2143 797 2209 quod
823 2142 999 2210 philtra
1035 2144 1427 2195 adolescentibus
1461 2151 1682 2211 pararet:
1717 2142 1826 2200 λέγει
1854 2142 1913 2197 δέ,
1943 2143 2114 2209 inquit,
2153 2142 2227 2196 τὴν
2244 2143 2373 2186 Νίνον

320 2234 556 2293 λεγομένην
578 2248 587 2256 ·
615 2236 883 2294 κατηγόρησε
910 2237 1062 2291 ταύτης
1097 2239 1312 2293 Μενεκλῆς
1345 2238 1403 2290 ὡς
1441 2238 1593 2295 φίλτρα
1634 2237 1833 2290 ποιούσης
1872 2240 1956 2287 τοῖς
1982 2237 2108 2287 νέοιςε
2154 2236 2205 2286 id
2241 2236 2371 2303 quod

320 2341 419 2375 non
448 2342 513 2375 ex
540 2326 822 2376 coniectura
851 2328 910 2377 ab
942 2345 1002 2377 eo
1039 2328 1277 2394 positum,
1316 2330 1406 2379 sed
1442 2339 1658 2379 veterum
1687 2336 2107 2377 monumentorum
2142 2327 2242 2377 fide
2278 2337 2373 2377 tra-

321 2415 477 2466 ditum
508 2433 620 2467 esse
656 2418 798 2467 facile
834 2418 1195 2484 agnoscitur4).
1268 2420 1472 2470 Videtur
1516 2420 1665 2485 igitur
1703 2418 1859 2468 Ninus
1904 2434 1996 2467 non
2041 2427 2138 2467 tam
2168 2427 2373 2485 propter

418 2585 467 2637 2)
495 2588 689 2634 Antiquitt.
709 2588 841 2626 Graec.
861 2597 961 2627 sacr.
982 2585 1021 2641 §.
1048 2586 1096 2627 10
1120 2590 1198 2628 not.
1221 2586 1277 2627 10.

418 2656 467 2710 3)
496 2661 741 2710 Aglaopham.
770 2670 808 2709 1).
827 2658 915 2700 667.

417 2731 466 2783 4)
496 2734 655 2774 Extabat
684 2737 805 2774 oratio
834 2732 935 2772 κατὰ
962 2732 1220 2781 Μενεκλέους
1243 2729 1462 2786 ἀπαγωγῆς
1491 2745 1515 2774 a
1534 2736 1616 2775 Nini
1641 2737 1743 2775 illius
1768 2737 1845 2775 nilo
1876 2738 2009 2775 contra
2028 2737 2159 2776 matris
2187 2737 2371 2782 quondam

234 2807 236 2810 ’
318 2807 578 2846 accusatorem
604 2809 729 2847 habita
757 2809 845 2856 (vid.
865 2809 1015 2856 Dionys.
1036 2810 1082 2847 de
1101 2805 1274 2848 Dinarch.
1293 2818 1326 2847 c.
1347 2806 1438 2857 11.),
1465 2820 1512 2849 ex
1537 2820 1609 2856 qua
1633 2812 1802 2849 oratione
1831 2812 1894 2848 aut
1923 2813 2008 2859 ipse
2034 2811 2278 2856 scholiastes,
2305 2812 2370 2847 ant

318 2878 353 2915 is
377 2885 485 2924 11116111
510 2881 573 2921 mc
599 2884 789 2922 auctorem
815 2884 1000 2930 sequuur,
1037 2883 1184 2923 discere
1210 2883 1377 2922 tortasse
1402 2884 1522 2932 potuit
1553 2893 1647 2930 quae
1682 2884 1728 2923 de
1756 2884 1838 2922 Nini
1864 2894 1982 2923 causa
2008 2885 2138 2925 reteri.
2195 2884 2367 2923 Ceterum
