2714 3621
314 362 421 427 lege
458 360 517 407 ab
553 357 716 422 aliquo
747 365 944 407 oratore
974 357 1035 406 ad
1071 358 1306 424 populum
1343 357 1455 418 lata,
1496 355 1655 418 cuius,
1699 363 1754 404 ut
1788 355 1850 404 de
1881 354 2063 405 ceteris
2097 356 2246 405 rebus
2277 354 2380 421 qui·

316 451 508 510 busvis,
559 447 632 496 sic
675 447 821 496 etiam
868 450 931 497 de
976 448 1294 515 religionibus
1338 455 1423 496 aut
1461 446 1795 496 adsciscendis
1835 454 1918 496 aut
1962 445 2255 513 respuendis
2299 445 2382 494 iila

314 543 483 590 saltem
521 544 683 586 aetate
717 552 905 586 summa
945 546 1164 603 potestas
1193 538 1301 588 tuit.
1371 538 1495 587 Nam
1520 536 1650 603 quod
1687 537 1900 587 nonnulii
1937 537 2001 586 de
2037 537 2113 586 his
2144 538 2203 586 ab
2227 537 2380 586 Areo-

314 646 437 697 pago
483 625 849 677 decernendum
905 627 1061 678 fuisse
1108 626 1453 691 crediderunt,
1507 629 1703 695 probari
1752 645 1845 680 non
1896 627 2145 696 potest”).
2234 626 2379 696 Quod

313 732 473 771 autem
521 718 726 780 Strabo,
764 718 827 781 X,
861 719 889 768 3
927 734 974 784 ρ.
996 717 1114 781 471,
1145 718 1478 769 Athenienses
1523 720 1652 771 sicut
1695 720 1743 771 in
1779 721 1887 771 aliis
1928 723 2091 782 rebus,
2135 720 2207 770 sic
2237 719 2380 769 etiam

312 814 358 862 in
402 809 721 875 religionibus
766 809 1016 865 φιλοξένους
1063 808 1220 858 fuisse
1251 809 1499 874 multaque
1531 811 1793 876 peregrina
1822 828 1961 860 sacra
1999 812 2266 861 adscivisse
2302 811 2384 872 ait,

313 904 361 953 id
414 919 562 969 quum
618 899 875 950 verissime
926 899 1109 950 dictum
1155 915 1268 948 esse
1323 915 1418 949 non
1469 900 1640 965 paucis
1694 902 1935 968 exemplis
1987 911 2038 952 et
2084 903 2381 953 comicorum

314 1004 568 1062 poetarum
610 991 856 1058 frequenti
896 990 1128 1039 irrisione
1170 989 1289 1038 satis
1332 989 1613 1055 constet²⁸),
1674 990 2048 1057 haudquaquam
2100 1003 2259 1042 tamen
2312 993 2384 1042 sic

316 1083 656 1151 accipiendum
691 1090 785 1143 est,
816 1081 954 1147 quasi
992 1095 1163 1129 omnes
1201 1081 1282 1129 isti
1321 1080 1388 1129 dii
1424 1081 1603 1143 exteri,
1640 1098 1764 1147 quos
1805 1082 1986 1147 passim
2022 1098 2051 1131 a
2088 1083 2250 1132 multis
2285 1084 2384 1133 cul-

313 1187 390 1227 tos
421 1190 535 1225 esse
572 1172 813 1235 videmus,
854 1171 1000 1222 etiam
1048 1172 1215 1239 populi
1255 1170 1393 1221 scitis
1439 1170 1488 1221 in
1528 1171 1771 1222 civitatem
1811 1172 1950 1239 quasi
1979 1172 2170 1239 recepti
2203 1173 2386 1223 fuerint

316 1267 639 1334 publicosque
670 1264 885 1313 honores
921 1262 1220 1329 acceperint.
1293 1261 1350 1311 ld
1385 1262 1512 1311 enim
1553 1263 1816 1329 perpaucis
1847 1263 2065 1329 contigit,
2091 1271 2141 1311 et
2174 1262 2385 1311 florente

314 1356 512 1424 quidem
537 1370 593 1406 re
620 1353 813 1420 publica
844 1353 925 1404 vix
953 1354 1036 1404 uni
1069 1362 1412 1420 praeterquam
1430 1353 1663 1416 Bendidi‚
1700 1361 1751 1404 et
1774 1354 1999 1404 fortassis
2020 1353 2164 1403 etiam
2186 1354 2383 1419 Aegyp-

315 1445 383 1493 tio
420 1444 665 1493 Ammoni.
737 1445 889 1493 Certe
924 1445 986 1493 ol.
1010 1445 1146 1505 cxl,
1181 1444 1232 1504 4,
1267 1460 1311 1492 a.
1334 1444 1453 1492 Chr.
1473 1444 1590 1504 333,
1625 1444 1740 1493 huic
1775 1445 1871 1493 deo
1902 1460 2043 1493 sacra
2086 1459 2114 1492 a
2153 1443 2382 1510 strategis

316 1535 388 1586 rei
417 1536 643 1602 publicae
666 1536 860 1586 nomine
878 1544 1177 1603 sumptuque
1201 1535 1398 1602 publico
1426 1536 1552 1586 facta
1578 1551 1690 1585 esse
1711 1544 1853 1586 vetus
1869 1535 2125 1602 inscriptio
2146 1532 2383 1602 docet“),

317 1627 611 1692 videturque
663 1627 808 1676 etiam
853 1627 1031 1676 festum
1073 1625 1181 1676 eius
1212 1626 1421 1676 Athenis
1459 1625 1638 1675 fuissez
1679 1640 1967 1692 quamquam
2005 1626 2068 1675 de
2106 1626 2199 1676 hoc
2234 1640 2383 1675 unum

317 1718 463 1767 modo
498 1717 834 1767 testimonium
879 1734 976 1767 non
1014 1716 1136 1766 satis
1180 1716 1417 1765 disertum
1463 1714 1693 1781 extat⁸⁸),
1739 1732 1899 1781 neque
1945 1733 2042 1781 qno
2081 1724 2305 1781 tempore
2333 1715 2381 1764 id

419 1938 493 1993 22)
521 1941 580 1981 cr.
599 1942 647 1980 de
673 1941 803 1979 comit.
822 1941 909 1980 Atn.
928 1950 967 1991 1).
981 1940 1058 1980 209
1074 1950 1131 1989 sq.
1163 1962 1204 1969 —
1232 1942 1308 1983 Sed
1327 1945 1576 1991 corrigendus
1594 1945 1658 1983 est
1681 1953 1790 1984 error
1806 1945 1995 1991 iuventus,
2020 1947 2059 1984 tn
2085 1953 2193 1992 quem
2219 1953 2243 1983 a
2260 1944 2383 1983 Petito

316 2016 476 2062 altisque
509 2014 685 2053 inductus
720 2012 795 2060 m,
832 2014 880 2052 de
905 2013 1220 2063 Harpocration&
1245 2016 1373 2056 verbis
1400 2024 1434 2056 s.
1453 2026 1489 2056 v.
1517 2012 1732 2063 ἐπιθέτους
1753 2013 1915 2068 {cordex
1952 2013 2102 2068 ἐλέγετο
2130 2014 2172 2056 δὲ
2199 2011 2293 2066 παρ’
2316 2011 2383 2055 av’-

317 2090 404 2134 τοῖς
432 2084 502 2125 καὶ
529 2084 699 2125 ἐπείθετό
724 2097 828 2133 τινα,
856 2082 993 2125 ὁκόσα
1020 2084 1078 2137 μὴ
1107 2086 1255 2136 πάτρια
1281 2083 1379 2126 ὄντα
1405 2085 1434 2139 ἦ
1459 2086 1499 2136 ἐξ
1532 2084 1691 2139 Ἀρείου
1725 2085 1858 2141 πάγου
1891 2087 2023 2140 βουλὴ
2056 2086 2242 2137 ἐδίκαζεν.
2303 2089 2383 2129 Nou

316 2164 415 2201 enlm
443 2159 529 2210 ἱερά
556 2162 802 2209 intelligenda
828 2162 916 2200 snut
941 2161 1209 2210 Areopasstque
1235 2162 1282 2200 de
1314 2162 1376 2200 ms
1402 2163 1560 2208 iudicia,
1596 2164 1665 2202 sed
1692 2163 1781 2202 suut
1807 2159 1977 2200 ἐπίθετα
2001 2164 2159 2209 quaevis
2183 2171 2383 2202 cansarum

317 2243 480 2281 genera,
517 2234 565 2273 de
603 2235 735 2281 quibus
772 2235 948 2273 iudiciuin
993 2234 1238 2283 areopagum
1271 2236 1378 2272 extra
1419 2234 1586 2273 ordinem
1620 2235 1748 2284 populi
1790 2236 1897 2274 iussu
1936 2235 2192 2273 mandabatur.
2250 2235 2304 2274 Ne
2337 2236 2384 2274 de

318 2307 457 2359 γραφῇ
483 2301 668 2357 ἀσεβείας
694 2309 840 2355 quidem
868 2318 938 2358 pro
964 2308 1071 2348 certo
1097 2309 1440 2357 amrmartpotest,
1466 2317 1549 2347 eam
1577 2309 1793 2356 legitime
1819 2308 1866 2347 ad
1887 2308 2123 2358 Areopagum
2143 2310 2385 2358 pertinuisse.

319 2381 426 2433 (th.
446 2382 486 2421 C.
507 2383 546 2421 F.
566 2383 768 2422 Hermann.
804 2384 851 2422 de
883 2383 1033 2422 theoria
1060 2383 1228 2428 Deliaca,
1260 2383 1298 2420 ln
1326 2381 1500 2420 Prooem.
1521 2381 1619 2420 Gott.
1637 2382 1757 2420 schol.
1777 2390 1864 2420 ann.
1884 2378 2080 2432 1846l47.)
2105 2391 2177 2420 nec
2203 2383 2250 2421 de
2270 2382 2384 2422 Paulo

317 2456 494 2506 apostolo
520 2457 620 2493 allud
646 2457 732 2503 qam
758 2457 923 2495 retertur
948 2458 987 2493 tn
1016 2457 1099 2494 Act.
1117 2463 1180 2504 ap.
1197 2455 1305 2502 xvn,
1335 2456 1384 2493 18
1400 2464 1495 2501 sqq„
1522 2463 1631 2501 quam
1661 2455 1856 2493 deductam
1886 2463 1977 2493 esse
2002 2456 2041 2492 tn
2066 2457 2318 2504 Areopagum,
2346 2457 2386 2494 ut

318 2531 549 2579 explicaret,
583 2538 765 2575 quaenam
798 2531 906 2568 esset
941 2538 1039 2567 nova
1073 2538 1144 2567 sua
1179 2530 1363 2568 doctrina.
1424 2528 1477 2566 De
1509 2529 1754 2565 accusatione
1789 2529 1827 2565 et
1855 2528 1993 2565 indicto
2019 2528 2111 2565 nim!
2136 2528 2285 2574 dicutur,
2314 2529 2384 2568 sed

318 2605 459 2642 tantum
488 2604 639 2640 irrisum
667 2610 691 2639 a
717 2602 841 2640 multis
870 2610 954 2640 eum
980 2603 1136 2648 abiisse,
1163 2601 1363 2639 nonnullos
1390 2602 1534 2647 antem,
1570 2602 1608 2638 tn
1636 2601 1766 2647 quibus
1796 2600 2011 2647 Dionysium
2045 2602 2200 2647 eiusque
2232 2611 2383 2641 uxorem

319 2677 512 2722 Damam,
540 2676 668 2714 verbis
695 2676 777 2713 etus
802 2674 911 2713 fldem
942 2674 1176 2713 adiunxisse·

422 2747 494 2799 23)
522 2749 602 2787 th.
622 2748 690 2788 Th.
710 2748 850 2795 Bergk.
881 2749 929 2788 de
956 2749 1062 2795 reliq.
1082 2757 1179 2788 com.
1197 2749 1274 2787 att.
1293 2757 1330 2797 p.
1352 2748 1438 2787 109.

423 2820 497 2872 24)
522 2821 562 2860 C.
582 2821 610 2859 1.
630 2821 694 2860 Gr.
713 2830 773 2860 no.
795 2823 881 2860 157.
911 2822 963 2859 cr.
984 2821 1151 2860 Boeckh.
1179 2822 1226 2859 de
1251 2830 1336 2860 occ.
1355 2823 1454 2871 publ.
1473 2821 1560 2860 Atn.
1578 2820 1611 2858 11
1636 2829 1674 2869 p.
1696 2821 1780 2860 132.

423 2895 496 2944 25)
528 2896 631 2942 Apud
668 2896 833 2941 Hesych.
868 2905 900 2932 s.
921 2905 957 2932 v,
983 2890 1177 2944 Ἄμμων,
1212 2897 1259 2935 de
1293 2906 1367 2942 quo
1400 2896 1476 2933 vid.
1503 2894 1756 2932 aoeckn.1.1.
1775 2897 1918 2943 p.133.
1956 2915 1998 2922 —
2037 2897 2089 2934 De
2121 2896 2239 2943 Istue,
2272 2897 2385 2942 Osiri,
