2714 3621
346 1074 570 1196 Plato,
609 1134 764 1201 Legg.
791 1134 853 1197 X,
889 1136 949 1185 15
986 1153 1031 1201 p.
1060 1134 1184 1197 909,
1214 1135 1296 1185 ubi
1328 1134 1547 1202 exponit,
1583 1135 1751 1201 quales
1787 1134 1850 1185 de
1886 1133 2122 1200 religione
2157 1136 2386 1202 cultuque

345 1226 550 1275 deorum
582 1226 718 1292 leges
752 1224 801 1275 in
838 1225 1033 1275 civitate
1068 1227 1193 1275 bene
1230 1225 1492 1276 constituta
1526 1225 1861 1276 observandae
1896 1225 2008 1287 sint,
2038 1241 2178 1274 sacra
2211 1225 2385 1276 civium

343 1315 532 1382 privata
567 1332 625 1366 ac
658 1316 951 1379 domestica,
986 1332 1110 1383 quae
1144 1316 1194 1366 in
1228 1333 1318 1367 sua
1352 1316 1560 1383 quisque
1588 1317 1735 1367 domo
1755 1314 1918 1378 saciat,
1953 1331 2158 1382 prorsus
2178 1316 2387 1366 arcenda

344 1423 456 1457 esse
501 1407 698 1458 statuit:
741 1406 851 1464 ἱερά,
877 1406 1054 1475 inquit,
1103 1405 1209 1464 μηδὲ
1245 1402 1303 1458 εἷς
1344 1407 1390 1451 ἐν
1431 1406 1557 1459 ἰδίαις
1604 1407 1757 1459 οἰκίαις
1792 1405 2004 1460 &errim-
2077 1407 2386 1475 Comparavit

343 1498 467 1547 hanc
495 1499 651 1563 legem
690 1499 860 1548 Astius
896 1516 1005 1549 cum
1046 1515 1129 1560 ea,
1175 1514 1300 1564 quae
1344 1515 1374 1548 a
1398 1474 1661 1568 AEicemne
1676 1481 2086 1566 (praescribitur,
2127 1498 2190 1547 de
2230 1499 2385 1565 Legg.

342 1586 418 1649 11,
454 1587 510 1649 8,
548 1588 638 1637 192
685 1587 1032 1655 separatim
1077 1605 1248 1639 nemo
1290 1587 1571 1639 habessit
1613 1588 1787 1651 deos,
1827 1604 1985 1638 neve
2029 1604 2214 1639 novos
2256 1589 2385 1639 sive

341 1678 608 1728 advenas
640 1678 759 1728 nisi
793 1679 1037 1745 publice
1082 1679 1361 1729 adscitos
1405 1678 1700 1744 privatim
1743 1680 2015 1739 colunto;
2057 1679 2146 1729 sed
2182 1689 2383 1746 apparet

339 1777 501 1817 tamen
536 1782 766 1834 quantum
803 1770 1009 1818 intersit.
1080 1769 1202 1818 Nam
1250 1770 1454 1831 Cicero,
1500 1768 1617 1818 licet
1666 1785 1818 1818 novos
1858 1770 1962 1818 sive
2007 1769 2215 1819 advenas
2261 1771 2381 1819 deos

298 1853 306 1856 ’
341 1858 563 1924 privatim
583 1859 677 1909 coli
700 1866 848 1921 vetet,
880 1859 973 1909 nisi
1008 1860 1202 1926 publice
1236 1859 1412 1909 adsciti
1444 1859 1558 1922 sint,
1578 1859 1740 1925 ipsum
1771 1867 1930 1909 tamen
1947 1876 2100 1925 genus
2129 1876 2381 1910 sacrorum

340 1950 656 2014 privatorum,
684 1950 733 1998 in
770 1950 946 2015 quibus
966 1958 1079 1999 sunt
1092 1950 1295 2012 Larum,
1316 1950 1594 2012 Penatium,
1630 1950 1833 1999 deorum
1852 1950 2066 1999 Manium
2102 1950 2380 2017 religiones,

338 2049 522 2091 tantum
559 2042 696 2090 abest
732 2049 785 2091 ut
819 2048 979 2102 vetet,
1017 2049 1069 2090 ut
1104 2056 1187 2102 ea,
1233 2041 1639 2107 quemadmodum
1683 2057 1710 2090 a
1751 2040 2010 2089 maioribus
2053 2041 2230 2090 tradita
2268 2041 2380 2104 sint,

338 2139 578 2196 perpetuo
611 2130 888 2181 conservari
926 2146 983 2180 ac
1020 2130 1254 2197 deinceps
1289 2131 1503 2198 posteris
1538 2131 1679 2197 prodi
1708 2130 1953 2196 iubeatl).
2026 2131 2208 2180 Contra
2239 2132 2381 2182 Plato

340 2237 434 2270 non
479 2221 622 2271 modo
672 2237 823 2272 novos
862 2221 965 2271 sive
1008 2221 1245 2283 advenas,
1291 2222 1382 2272 sed
1428 2223 1586 2272 nullos
1626 2220 1818 2271 omnino
1864 2220 1983 2270 deos
2027 2220 2251 2286 privatim
2287 2223 2381 2273 coli

339 2313 470 2372 vult,
510 2312 638 2361 unde
675 2312 992 2377 consequitur
1032 2312 1081 2362 in
1117 2312 1225 2362 eius
1266 2313 1460 2362 civitate
1494 2329 1653 2376 neque
1688 2328 1802 2360 arae
1831 2311 1972 2360 Jovis
2008 2312 2186 2361 Hercii
2221 2329 2381 2378 neque

338 2403 624 2467 patritorum
659 2401 906 2458 (πατρῴων)
942 2403 1145 2453 deorum
1174 2402 1379 2464 lar-ariis,
1411 2419 1570 2468 neque
1596 2401 1680 2451 ulli
1701 2401 1905 2450 alicuius
1923 2402 2133 2451 numinis
2163 2404 2381 2453 sacrario

337 2494 384 2541 in
419 2494 718 2559 privatorum
751 2493 954 2542 aedibus
989 2494 1149 2549 locum
1191 2493 1419 2554 concedi,
1474 2509 1633 2558 neque
1676 2491 1937 2540 sacrificia>
1957 2492 2052 2540 ulla
2088 2492 2182 2541 diis
2211 2492 2383 2544 offerri
2413 2532 2415 2534 >

338 2598 485 2646 posse
521 2584 613 2633 nisi
651 2584 697 2633 in
742 2583 950 2649 publicis
985 2582 1203 2648 templiS,
1243 2582 1582 2633 assistentibus
1627 2582 1772 2632 etiam
1817 2581 2156 2633 sacerdotibus
2187 2583 2383 2649 publice

558 2723 602 2775 l)
628 2726 711 2763 1,.1.
731 2734 765 2762 c.
783 2724 820 2771 9,
838 2723 907 2761 22:
935 2723 1080 2761 Sacra
1112 2724 1303 2771 privata
1328 2723 1568 2771 perpetua,
1593 2724 1829 2762 manento.
1879 2731 1914 2760 c.
1937 2721 2003 2768 19,
2022 2721 2090 2761 48:
2138 2727 2194 2765 de
2220 2729 2383 2765 sacris

338 2797 488 2834 autem
516 2818 566 2825 —
592 2799 708 2837 haec
738 2798 803 2836 sit
828 2806 920 2835 una
946 2797 1212 2843 sententia,
1238 2797 1286 2834 ut
1312 2796 1665 2835 conserventur
1691 2804 1880 2845 semper
1906 2797 1951 2836 et
1982 2797 2218 2848 deinceps
2247 2801 2385 2838 raml-

339 2870 418 2906 lits
444 2871 715 2917 prodantur
741 2872 804 2917 et,
830 2873 876 2909 ut
904 2873 951 2907 in
977 2871 1090 2915 lege
1117 2872 1276 2918 posui,
1312 2871 1548 2917 perpetua
1575 2871 1678 2907 sint
1704 2879 1857 2908 sacra.

2046 2955 2080 2984 μ
