2714 3621
1337 148 1428 205 14

345 331 531 390 datum,
566 330 698 395 quod
727 346 850 378 nova
887 329 1083 377 numina
1111 329 1265 383 (καινὰ
1295 329 1519 384 δαιμόνια)
1550 329 1911 378 introduceret:
1941 327 2294 377 advertendum
2318 337 2412 390 est,

347 438 442 470 non
491 421 564 470 sic
603 417 893 484 simpliciter
936 418 1031 466 hoc
1075 418 1119 467 ei
1167 419 1411 469 obiectum
1459 435 1596 480 esse,
1641 419 1729 469 sed
1774 419 2084 468 coniunctum
2117 434 2227 468 cum
2255 418 2411 468 altero

346 511 567 572 crimine,
599 508 729 575 quod
766 507 888 556 deos
924 508 1119 572 publice
1157 518 1388 574 receptos
1421 518 1682 575 sperneret
1714 510 1952 575 planeque
1985 496 2046 559 ne
2073 510 2274 559 haberet
2308 508 2412 574 qui-

344 604 454 652 dem
491 602 538 650 in
576 600 781 648 deorum
819 613 1043 660 numero,
1078 598 1167 648 sed
1205 598 1298 649 alia
1335 616 1425 665 pro
1456 599 1516 649 iis
1548 616 1605 649 ac
1638 616 1760 650 nova
1800 600 1991 651 numina
2030 600 2282 667 discipulis
2309 599 2411 650 suis

344 691 618 743 veneranda
638 688 1092 755 commendaret¹⁹).
1165 689 1326 756 Quam
1349 707 1465 739 vere
1491 690 1584 739 hoc
1601 691 1646 739 ei
1678 693 1737 740 ab
1774 693 2144 743 accusatoribus
2167 693 2409 744 obiectum

341 787 429 845 sit,
476 782 592 832 nihil
640 797 769 830 nunc
807 779 980 829 attinet
1022 796 1289 845 quaerere,
1336 789 1511 845 estque
1560 781 1649 829 hac
1683 781 1745 829 de
1785 800 1838 831 re
1876 784 1969 833 iam
2007 784 2125 833 satis
2161 802 2409 849 superque

340 876 399 924 ab
436 872 544 923 aliis
572 871 771 921 dictum.
843 869 969 920 Illud
1016 879 1178 920 autem
1223 869 1427 935 quilibet
1470 887 1559 919 sua
1601 882 1779 934 sponte
1816 872 2056 938 intelligit,
2102 876 2242 940 longe
2280 875 2410 924 aliud

339 982 452 1014 esse
490 972 659 1012 vetera
695 960 892 1011 numina
923 978 981 1010 ac
1012 959 1277 1025 religiones
1311 978 1514 1025 prorsus
1549 960 1760 1009 reiicere
1790 971 1840 1010 et
1884 980 1994 1012 cum
2026 966 2163 1013 novis
2198 972 2416 1015 commu-'

338 1069 461 1117 tare,
501 1055 551 1104 id
581 1053 711 1119 quod
737 1052 973 1101 Socrates
1004 1050 1185 1099 fecisse
1214 1051 1547 1112 incusabatur,
1584 1051 1713 1100 aliud
1751 1061 1913 1101 autem
1952 1069 2075 1102 nova
2111 1056 2303 1104 numina
2328 1069 2411 1106 aut

338 1162 487 1198 novas
523 1143 773 1195 numinum
812 1143 993 1193 formas
1025 1151 1172 1207 atque
1201 1141 1554 1207 appellationes
1585 1143 1903 1194 introducere
1941 1161 2189 1211 novasque
2218 1146 2409 1211 religio-

338 1256 424 1288 nes
469 1237 530 1286 iis
568 1252 693 1302 quae
729 1233 995 1300 antiquitus
1037 1241 1270 1299 receptae
1309 1242 1449 1281 erant
1491 1233 1775 1301 adiungere.
1848 1235 1920 1285 Hi
1957 1236 2112 1297 enim,
2156 1254 2184 1286 a
2229 1237 2406 1303 quibus

341 1328 508 1379 matris
545 1327 750 1376 deorum
788 1334 872 1375 aut
907 1325 1099 1374 Sabazii
1138 1341 1280 1374 sacra
1314 1324 1709 1388 instituebantur,
1747 1327 1820 1376 sic
1857 1328 1998 1376 facile
2046 1345 2101 1377 se
2138 1328 2406 1377 defendere

340 1427 583 1486 poterant,
615 1426 670 1467 ut
699 1417 816 1468 nibil
847 1433 874 1465 a
914 1434 968 1466 se
1011 1416 1203 1465 detrahi
1241 1424 1460 1465 veterum
1496 1417 1700 1466 deorum
1735 1418 1923 1481 honori,
1968 1419 2055 1468 sed
2093 1418 2208 1468 addi
2242 1419 2405 1484 potius

340 1510 522 1577 aliquid
559 1509 806 1559 dicerentz
850 1524 958 1558 nam
1006 1515 1209 1557 matrem
1255 1507 1460 1556 deorum
1505 1509 1708 1558 eandem
1747 1526 1859 1558 esse
1892 1526 2034 1575 quam
2074 1509 2278 1570 Rheam‚
2317 1510 2404 1560 Sa·

338 1602 530 1650 bazium
568 1618 681 1649 esse
706 1600 999 1664 Dionysum,
1036 1615 1196 1663 neque
1229 1598 1545 1647 dubitandum
1574 1616 1702 1660 esse,
1733 1600 1848 1664 quin
1878 1600 1945 1648 dii
1974 1600 2068 1664 ipsi
2098 1609 2231 1649 tanto
2254 1603 2404 1667 magis

337 1692 668 1756 placarentur,
704 1699 883 1756 quanto
922 1689 1141 1754 pluribus
1176 1690 1253 1738 vel
1290 1688 1564 1737 nominibus
1612 1690 1974 1753 invocarentur,
2018 1692 2094 1739 vel
2140 1690 2311 1739 ritibus
2347 1707 2404 1740 ac

338 1781 651 1831 caerimoniis
687 1781 985 1830 colerentur.
1057 1780 1143 1830 Sic
1178 1779 1506 1846 igituretiam
1540 1788 1734 1830 veteres
1753 1781 2084 1831 Athenienses
2109 1781 2402 1844 iudicarunt,

337 1890 544 1939 eamque
580 1873 642 1922 ob
677 1888 875 1921 causam
909 1887 1036 1921 nova
1070 1887 1211 1920 sacra
1244 1886 1340 1920 non
1377 1870 1750 1935 prohibuerunt,
1788 1871 1880 1921 nisi
1910 1872 1951 1921 si
1996 1890 2054 1921 ea
2092 1873 2166 1922 vel
2201 1872 2403 1922 officere

336 1965 586 2014 veteribus
624 1964 943 2031 religionibus
981 1980 1165 2029 easque
1195 1963 1242 2011 in
1282 1972 1612 2029 contemptum
1652 1964 1926 2026 adducere,
1972 1966 2046 2014 vel
2085 1981 2402 2031 corrumpere

337 2057 585 2113 bominum
632 2072 795 2106 mores
846 2064 897 2105 et
940 2054 1212 2105 sceleribus
1258 2061 1403 2119 atque
1444 2053 1639 2120 flagitiis
1686 2055 2099 2120 opportunitatem
2136 2055 2255 2106 dare
2291 2073 2401 2106 cen-

438 2227 510 2281 19)
537 2227 729 2275 Josephus
765 2227 910 2273 quidem
938 2227 1008 2265 1.1.
1036 2225 1188 2265 Socratl
1221 2227 1335 2265 etlam
1370 2226 1443 2264 hoc
1477 2229 1624 2265 crimin!
1657 2228 1781 2266 datum
1820 2228 1962 2273 credit,
2000 2229 2093 2273 quod
2131 2229 2295 2269 lnsolltls
2322 2231 2402 2275 qul·

335 2302 491 2340 busdam
517 2302 556 2340 et
580 2302 678 2339 satls
705 2302 810 2338 mlrls
837 2301 930 2338 turls
956 2300 1103 2337 turandl
1131 2299 1302 2351 formulis
1325 2299 1504 2344 uteretur,
1536 2300 1687 2339 sclllcet
1707 2301 1802 2348 quod
1822 2309 1969 2346 canem,
1996 2310 2183 2346 anserem,
2210 2303 2400 2349 platanum

335 2377 462 2425 potlus
496 2383 604 2422 quam
641 2375 735 2413 deos
769 2374 1037 2412 antestaretur.
1094 2371 1140 2411 Et
1169 2373 1321 2412 ruerunt
1353 2374 1466 2412 etlam
1503 2374 1587 2419 alll,
1621 2376 1680 2420 qul
1715 2375 1750 2413 ld
1786 2383 1868 2413 eum
1897 2375 1932 2413 ln
1960 2375 2220 2413 contumellam
2248 2376 2400 2414 deorum

336 2452 482 2489 recisse
510 2449 774 2498 opinarentur,
812 2446 914 2485 velut
940 2446 1092 2486 Tertull.
1113 2446 1221 2496 Apol.
1241 2455 1276 2485 c.
1300 2448 1359 2485 14.
1387 2446 1472 2485 adv.
1493 2448 1569 2485 nat.
1587 2456 1622 2486 c.
1645 2447 1704 2485 10.
1742 2447 1909 2486 Lactant.
1925 2447 1967 2486 D.
1986 2447 2017 2487 Ι.
2031 2447 2092 2494 111,
2121 2448 2183 2493 20,
2216 2450 2272 2487 15.
2327 2449 2400 2487 Seu

333 2525 426 2563 reclt
448 2524 522 2562 hoc
545 2524 672 2572 potlus
700 2522 747 2559 ob
773 2522 1025 2559 reverentlam
1054 2521 1221 2565 deorum,
1248 2529 1295 2559 ne
1326 2522 1364 2559 ln
1400 2521 1584 2559 elusmodl
1617 2522 1943 2566 amrmatlonlbns‚
1972 2523 2103 2568 quales
2122 2523 2158 2559 ln
2185 2523 2400 2568 qnotldlauo

337 2606 513 2636 sermone
549 2598 663 2635 etlam
703 2595 749 2633 de
784 2595 897 2634 rebus
933 2603 1053 2643 saepe
1087 2594 1293 2633 levisslmls
1330 2596 1505 2643 usurpari
1537 2595 1730 2640 solebant,
1767 2595 1911 2632 illorum
1948 2596 2155 2633 nomlnlbus
2189 2597 2331 2633 temere
2362 2596 2401 2634 et

337 2671 488 2719 praeter
518 2669 788 2708 necessltatem
816 2667 1042 2706 abuteretur.
1098 2667 1254 2706 Veteres
1280 2667 1355 2716 lpsl
1385 2667 1597 2707 huiusmodi
1623 2668 1908 2710 amrmatlones.
1938 2676 2033 2715 quae
2061 2669 2217 2707 turmam
2246 2668 2399 2713 tantum,

338 2753 411 2782 non
440 2746 512 2781 vim
538 2745 576 2781 et
608 2744 779 2781 naturam
817 2743 911 2779 lurls
945 2741 1091 2778 luranul
1119 2740 1269 2784 habeut,
1307 2748 1331 2778 a
1366 2741 1647 2780 Rhadamantho
1675 2743 1902 2790 praeceptas
1929 2742 2077 2780 volunt:
2110 2742 2250 2784 tantum
2278 2742 2399 2787 abest,

337 2820 376 2854 ut
406 2825 475 2854 eas
501 2817 547 2852 ad
578 2817 830 2863 contemptum
858 2815 1011 2852 deorum
1038 2815 1217 2861 spectare
1244 2813 1485 2852 crediderlnt.
1538 2814 1594 2851 Cl'.
1617 2814 1793 2860 Lasanlx‚
1824 2813 1909 2853 Der
1933 2814 2015 2853 ΕΜ
2048 2815 2120 2854 bel
2153 2814 2236 2854 den
2264 2814 2402 2854 Gne-A

336 2891 476 2934 chen,
507 2890 542 2924 ln
571 2888 795 2924 collectione
822 2887 992 2936 opuscul.
1045 2886 1243 2923 staulen
1273 2887 1355 2924 des
1383 2887 1697 2926 classlscllen
1726 2886 2065 2936 Altertn.p.200
2083 2894 2140 2934 811.
