2714 3621
321 305 526 356 θάνατος.
539 306 590 371 ⁶)
661 305 916 356 Disertum
951 321 1070 356 sane
1099 308 1448 371 testimouium,
1484 306 1574 357 sed
1595 305 1898 357 auctoritatis
1925 320 2161 372 perquam
2184 303 2381 367 dubiae,

325 405 410 447 aut
448 397 612 463 potius
660 396 854 447 nullius.
925 396 1148 449 Primum
1183 400 1312 450 enim
1348 400 1411 450 de
1448 415 1597 450 causa
1625 397 1946 449 damnationis
1981 397 2140 447 obstat
2155 394 2380 461 Josepho

327 487 619 538 scholiastae
646 486 1017 538 Demosthenici
1051 489 1244 554 relatio,
1281 508 1407 557 quae
1425 496 1630 557 propter
1664 489 1713 540 id
1748 489 1927 557 ipsum,
1963 487 2094 556 quod
2121 503 2218 538 non
2239 486 2379 548 hanc,

327 580 375 628 in
411 594 555 645 quam
586 576 790 644 quilibet
823 577 968 627 facile
1007 578 1331 630 coniectando
1367 579 1621 644 inciderit,
1664 580 1753 630 sed
1789 581 1929 631 aliam
1970 596 2164 630 causam
2203 595 2380 628 memo·

323 678 414 731 rat,
449 670 549 718 fide
584 652 728 734 digna
764 668 921 717 videri
952 668 1116 718 debet.
1160 670 1337 735 Neque
1369 671 1572 720 difficile
1607 680 1685 721 est
1712 672 1774 721 ad
1810 671 2221 738 perspiciendum,
2250 669 2381 718 unde

321 759 532 824 Josephi
562 775 704 808 error
739 766 883 808 natus
919 758 999 808 sit.
1048 760 1240 826 Nempe
1275 761 1586 810 scholiastam
1613 762 1749 810 illum
1783 770 1868 812 aut
1893 762 2185 812 scholiastae
2217 768 2381 810 aucto·

322 866 425 899 rem
464 865 559 899 uon
594 857 821 912 noverat,
863 849 958 899 hoc
994 858 1157 899 autem
1196 867 1262 900 ex
1304 850 1415 917 ipso
1451 851 1791 900 Demosthene
1826 852 2164 915 intellexerat,
2199 851 2380 901 Ninum

319 940 490 990 itidem
523 948 576 990 ut
604 939 962 991 Glaucotheam
1000 940 1192 990 Sabazii
1231 956 1372 991 sacra
1409 940 1660 991 factitasse
1697 940 1857 1007 iisque
1891 942 2115 991 homiues
2144 942 2381 1004 initiasse,

322 1030 581 1081 Sabazium
617 1047 738 1081 vero
773 1029 1088 1098 peregrinum
1119 1031 1268 1082 deum
1303 1048 1416 1082 esse
1454 1031 1665 1094 sciebat,
1701 1030 1842 1080 cuius
1871 1046 2013 1081 sacra
2046 1047 2143 1081 non
2178 1030 2382 1098 antiqui·

321 1131 401 1171 tus
436 1129 665 1187 recepta,
700 1121 789 1171 sed
833 1120 1085 1171 recentius
1124 1122 1320 1172 demum
1364 1122 1556 1173 invecta
1605 1129 1784 1172 essent.
1865 1121 2000 1172 Hinc
2045 1121 2196 1189 igitur
2232 1139 2381 1188 quum

322 1214 496 1263 horum
529 1206 782 1262 sacrorum
818 1212 1081 1262 antistitem
1117 1213 1392 1264 damnatam
1423 1221 1474 1263 et
1508 1220 1666 1264 morte
1702 1213 1953 1263 multatam
1990 1211 2198 1274 videret,
2236 1212 2380 1262 etiam

322 1305 430 1372 ipsa
457 1305 580 1354 haec
615 1320 756 1354 sacra
786 1302 1109 1354 damnationis
1143 1311 1194 1355 et
1223 1304 1452 1372 supplicii
1488 1321 1685 1356 causam
1715 1304 1871 1355 fuisse
1907 1303 2213 1367 conficiebat,
2252 1321 2380 1355 eam·

326 1414 423 1462 que
469 1396 802 1446 coniecturam
857 1403 992 1446 tanto
1036 1395 1265 1446 libentius
1317 1397 1726 1463 amplectebatur,
1775 1396 1907 1462 quod
1960 1396 2241 1446 confirmari
2286 1397 2380 1446 1100

324 1488 553 1553 exemplo
591 1486 782 1536 videret
821 1486 876 1536 id
919 1486 1050 1552 quod
1094 1487 1399 1552 probandum
1441 1487 1533 1537 sibi
1575 1493 1876 1553 sumpserat,
1918 1503 2014 1537 non
2050 1488 2209 1537 minus
2244 1494 2381 1537 exte-

324 1595 491 1627 rarum
535 1576 828 1642 religionum
870 1577 999 1641 apud
1048 1576 1276 1633 Graecos
1320 1593 1464 1643 quam
1507 1578 1637 1643 apud
1679 1577 1901 1627 Judaeos
1940 1577 2107 1626 odium
2143 1578 2298 1627 fuisse
2312 1579 2378 1644 ⁷).

300 1670 484 1719 ⁴Porro
549 1674 712 1717 autem
762 1684 910 1732 quum
972 1667 1103 1716 nulla
1155 1683 1304 1717 causa
1357 1676 1492 1717 esset
1548 1667 1824 1730 dubitandi,
1888 1668 2002 1734 quin
2054 1684 2214 1735 poena
2264 1667 2381 1718 Nini

322 1757 539 1824 legitima
590 1756 792 1820 fuisset,
837 1757 933 1808 1100
983 1774 1178 1823 quoque
1234 1757 1540 1809 confidenter
1593 1757 1802 1819 addidit,
1854 1759 2011 1825 legem
2063 1758 2190 1825 apud
2231 1759 2380 1809 Athe-

317 1849 513 1899 nienses
570 1846 728 1898 fuisse
794 1847 988 1913 qualem
1046 1864 1197 1914 supra
1258 1847 1416 1914 ipsius
1480 1848 1642 1899 verbis
1696 1847 2093 1915 perscripsimus.
2206 1848 2381 1915 Neque

323 1958 415 2007 ego
475 1938 752 2005 Josephum
807 1939 964 1988 malae
1017 1938 1136 1988 fidei
1193 1938 1453 1989 insimuloz
1522 1939 1669 1989 immo
1740 1940 1883 2006 plane
1944 1956 2234 2005 persuasum
2286 1940 2381 2007 ipsi

321 2032 412 2081 fuit
465 2031 528 2081 de
582 2029 898 2080 coniecturae
950 2047 1071 2080 suae
1118 2030 1348 2093 veritate,
1416 2048 1565 2097 quum
1622 2030 1914 2097 praesertim
1976 2030 2121 2080 etiam
2187 2031 2382 2081 Socrati

322 2125 446 2172 hanc
483 2120 806 2171 damnationis
843 2138 1066 2183 causam,
1112 2122 1155 2171 si
1187 2139 1282 2171 non
1315 2139 1484 2184 unam,
1529 2130 1691 2172 tamen
1735 2122 2049 2189 praecipuam
2085 2123 2240 2172 fuisse
2276 2140 2382 2172 cre-

322 2216 490 2277 deret,
537 2213 694 2280 quod,
729 2219 785 2262 ut
818 2212 929 2279 ipse
975 2213 1065 2275 aii,
1103 2212 1284 2263 καινοὺς
1310 2208 1465 2269 ὅρκους
1491 2209 1634 2269 (ὄμνυε
1661 2213 1741 2257 καί
1770 2231 1806 2256 τι
1835 2213 2056 2270 δαιμόνιον
2084 2212 2203 2268 αὐτῷ
2229 2213 2380 2269 σημαῖ·

319 2325 408 2350 vav
438 2301 627 2360 ἔφασκε,
664 2305 794 2370 quod
831 2304 1018 2355 crimen
1047 2321 1145 2355 non
1181 2304 1325 2369 longe
1360 2304 1531 2354 saltem
1567 2306 1626 2354 ab
1660 2304 1742 2354 illo
1778 2305 1932 2355 altero
1970 2304 2216 2355 diversum
2247 2305 2379 2355 vide—

420 2485 462 2533 6)
490 2486 531 2523 ln
558 2486 784 2525 editionibus
813 2487 927 2533 vulgo
953 2488 1147 2526 scribitur:
1179 2487 1253 2524 νῦν
1281 2483 1354 2537 μὲν
1379 2484 1455 2539 γάρ
1488 2498 1578 2523 τινα
1608 2482 1765 2535 ἱέρειαν.
1809 2487 1862 2525 De
1891 2487 2051 2526 veritate
2079 2488 2330 2527 correctionis
2356 2497 2379 2526 8

322 2561 510 2599 Lobeekio
539 2560 623 2605 ΑςΙ.
641 2570 679 2609 11.
698 2558 775 2597 668
799 2561 1020 2609 propositae
1050 2569 1160 2599 uemo
1196 2562 1388 2599 dubitabit.
1447 2562 1615 2599 Alterum
1647 2561 1773 2598 vitium
1804 2558 1944 2606 ξένους
1968 2560 2095 2607 θεούς
2119 2562 2236 2600 tacite
2261 2564 2380 2599 corri-

324 2636 483 2681 gendum
508 2635 590 2671 mit.

423 2704 464 2753 7)
488 2706 570 2744 vid.
588 2715 674 2756 0811.
693 2706 761 2747 36:
808 2703 833 2747 ό
864 2706 1028 2746 Μόλων
1060 2701 1339 2754 Ἀπολλώνιος
1372 2704 1493 2757 ἡμῶν
1530 2703 1830 2756 κατηγόρησεν,
1878 2702 1939 2744 ὅτι
1971 2704 2028 2756 μὴ
2073 2705 2379 2757 παραδεχόμεθα

326 2776 422 2824 τοὺς
457 2776 593 2825 ἄλλαις
628 2776 1052 2830 προκατειλημμένους
1100 2776 1234 2827 δόξαις
1268 2777 1361 2829 περὶ
1395 2780 1524 2819 θεῶν.
1575 2772 1658 2817 ἄλλ’
1695 2772 1788 2817 οὐδὲ
1824 2777 1947 2819 τοῦτό
1980 2777 2088 2819 ἐστιν
2113 2778 2219 2819 ἴδιον
2246 2777 2378 2830 ἡμῶν,

325 2852 469 2910 κίοινόν
492 2849 534 2892 δὲ
554 2850 734 2900 πάντων,
755 2847 827 2904 οὐχ
840 2850 1060 2903 Ἑλλήνων
1079 2850 1121 2893 δὲ
1146 2852 1289 2904 μόνον,
1318 2847 1417 2893 ἄλλα
1441 2849 1508 2892 καὶ
1534 2853 1620 2893 ταῖν
1638 2848 1681 2892 ἒν
1708 2853 1792 2899 τοῖς
1805 2848 2002 2903 Ἕλλησιν
2029 2848 2378 2904 εὐδοκιμωτάτων.
