2714 3621
1241 147 1444 225 ..ι-5,,

316 335 499 382 serent.
571 326 716 377 Hanc
745 326 872 376 enim
911 341 1106 376 causam
1136 325 1289 376 fuisse
1326 326 1565 388 videmus,
1601 342 1690 376 cur
1724 324 1975 392 Phrygem
2012 325 2158 375 istum
2205 334 2379 373 metra-

314 429 505 488 gyrtam
536 416 586 467 in
609 418 890 468 barathrum
911 415 1215 466 coniicerent
1250 417 1530 483 Ninumque
1558 415 1799 482 supplicio
1829 416 2104 479 afficerent,
2130 432 2225 465 non
2247 416 2376 481 quod

316 526 441 562 nova
471 508 668 559 numina
699 507 1116 569 introduxissent,
1157 508 1244 557 sed
1291 508 1422 574 quod
1461 506 1655 557 vesanis
1692 515 1838 573 atque
1875 507 2038 573 impiis
2078 505 2252 557 ritibus
2293 516 2378 555 aut

314 599 459 650 etiam
493 598 745 649 veneficiis
770 615 977 667 poenam
999 598 1310 649 meruissent.
1382 597 1480 650 Alii
1504 608 1682 661 autem,
1709 598 1790 664 qui
1822 598 2091 649 eorundem
2125 598 2374 649 numinum

313 691 468 743 sacris
504 693 849 757 operabantur,
888 691 979 742 tuti
1020 708 1047 741 a
1091 709 1249 758 poena
1291 702 1446 754 erant,
1487 691 1601 740 dum
1648 707 1805 756 neque
1847 691 2067 756 publicas
2111 690 2376 756 religiones

314 783 552 831 violarent
586 798 745 847 neque
775 783 867 830 alia
906 782 1145 830 maleficia
1175 783 1552 832 committerent.

535 873 767 922 Ceterum
826 873 1018 922 Sabazii
1071 889 1236 936 sacra,
1294 872 1514 939 quamvis
1568 873 1741 921 multos
1786 872 2022 921 baberent
2064 874 2278 921 asseclas
2324 881 2374 919 et

312 963 566 1025 thiasotaS,
595 978 793 1028 semper
820 971 982 1013 tamen
1017 964 1205 1031 privata
1224 962 1462 1012 mansisse
1497 979 1656 1029 neque
1684 979 1889 1029 unquam
1915 963 2110 1030 publice
2140 973 2370 1029 suscepta

313 1070 425 1104 esse
462 1053 717 1104 videntur:
788 1054 935 1104 Matri
972 1055 1176 1106 deorum
1215 1055 1450 1120 templum
1487 1053 1682 1120 quidem
1724 1053 2029 1117 dedicatum,
2075 1055 2137 1105 de
2174 1053 2372 1121 publico

312 1153 473 1195 autem
504 1145 611 1194 eius
643 1145 767 1194 deae
803 1147 936 1196 cultu
971 1146 1088 1196 nibil
1123 1146 1331 1213 amplius
1375 1146 1638 1195 memoriae
1670 1146 1898 1195 traditum
1937 1164 2050 1196 esse
2092 1148 2186 1197 iam
2223 1163 2374 1213 supra

312 1236 541 1287 diximus.
613 1232 721 1286 Non
753 1245 913 1287 tamen
946 1239 1087 1304 plane
1116 1238 1295 1288 desunt
1329 1237 1698 1305 peregrinorum
1744 1253 1997 1289 sacrorum
2033 1239 2228 1306 publice
2265 1254 2370 1287 sus·

314 1337 567 1395 ceptorum
612 1329 862 1394 exempla,
903 1345 1108 1394 quorum
1148 1345 1297 1380 unum
1342 1328 1643 1380 notissimum
1681 1336 1757 1378 est
1792 1328 2178 1380 Bendideorum.
2251 1329 2370 1379 Fuit

313 1419 441 1470 enim
477 1418 664 1469 Beudis
703 1418 951 1471 Thracum
986 1420 1095 1484 dea,
1126 1436 1269 1487 quam
1305 1418 1529 1486 plerique
1563 1436 1672 1469 cum
1706 1417 1878 1482 Diana,
1914 1420 1993 1471 alii
2023 1438 2132 1471 cum
2156 1421 2370 1481 Hecate,

314 1510 394 1560 alii
426 1510 571 1560 etiam
609 1527 718 1559 cum
755 1510 1058 1578 Proserpina
1088 1519 1172 1562 aut
1206 1521 1553 1578 compararunt
1587 1519 1670 1561 aut
1712 1510 2055 1574 confuderunt,
2101 1529 2193 1562 nec
2230 1512 2366 1561 dubi-

312 1602 405 1651 tari
440 1608 619 1669 potest,
648 1600 762 1667 quin
794 1616 935 1650 sacra
954 1602 1062 1652 eius
1097 1619 1125 1650 a
1152 1601 1433 1651 Thracibus
1464 1600 1726 1668 inquilinis,
1761 1618 1967 1668 quorum
1992 1602 2121 1651 haud
2159 1602 2368 1668 exiguus

311 1709 546 1743 numerus
581 1689 787 1741 Athenis
823 1691 1131 1760 maximeque
1175 1692 1223 1742 in
1269 1692 1480 1743 Piraeeo
1523 1691 1629 1756 suit,
1669 1691 1718 1741 in
1748 1692 1956 1743 Atticam
1993 1693 2225 1743 translata
2253 1691 2365 1742 sint.

313 1785 415 1835 Sed
456 1784 580 1834 haec
618 1781 912 1848 aliquamdiu
957 1782 1180 1849 privatim
1222 1791 1407 1834 tantum
1453 1784 1821 1834 celebrabantur
1864 1785 1923 1833 ab
1958 1782 2131 1833 iisdem
2167 1782 2262 1833 illis
2295 1783 2365 1833 in-

312 1876 524 1944 quilinis,
569 1882 620 1925 et
665 1874 707 1924 si
756 1874 839 1941 qui
884 1875 1094 1925 fortasse
1138 1875 1283 1926 etiam
1328 1876 1392 1927 de
1431 1876 1619 1927 civibus
1663 1876 1789 1926 illius
1833 1875 2040 1925 numinis
2077 1876 2362 1943 religionem

312 1966 521 2034 amplexi
554 1972 717 2016 erant:
758 1981 867 2015 nam
913 1964 1118 2017 liberum
1154 1965 1205 2016 id
1241 1965 1440 2018 cuilibet
1467 1967 1622 2019 fuisse
1666 1985 1730 2018 ex
1763 1966 1823 2017 iis
1853 1983 1977 2032 quae
2013 1984 2164 2033 supra
2198 1967 2365 2033 dispu-

311 2068 408 2108 tata
444 2065 558 2107 sunt
595 2055 714 2106 satis
758 2073 1000 2122 apparere
1034 2056 1261 2107 arbitror.
1334 2060 1497 2125 Atque
1534 2060 1628 2109 hoc
1658 2059 1841 2125 ipsum,
1882 2059 2010 2124 quod
2057 2059 2191 2108 cives
2227 2059 2363 2108 multi

311 2148 554 2215 paullatim
584 2148 823 2197 Bendidis
859 2148 1075 2196 cultores
1106 2147 1222 2197 facti
1256 2158 1412 2211 erant,
1456 2150 1506 2199 in
1542 2166 1686 2200 causa
1719 2149 1873 2198 fuisse
1909 2150 2118 2211 videtur,
2164 2159 2218 2199 ut
2249 2168 2363 2199 mox

311 2240 454 2290 etiam
481 2238 675 2305 publice
707 2255 848 2288 sacra
884 2237 991 2287 eius
1032 2238 1405 2305 susciperentur
1447 2240 1723 2307 festumque
1756 2239 2096 2290 institueretur
2131 2257 2362 2302 annuum,

310 2347 420 2381 cum
455 2328 647 2397 pompis
676 2336 726 2380 et
756 2328 931 2380 civium
950 2328 1228 2380 Atticorum
1265 2337 1316 2380 et
1337 2330 1585 2382 Thracum
1619 2328 1960 2397 inquilinorum
2005 2330 2363 2397 sacrificiisque

309 2419 505 2489 publico
533 2429 729 2487 sumptu
768 2419 1102 2488 apparatisffl).
1180 2420 1238 2472 ld
1275 2421 1494 2472 Platonis
1536 2430 1695 2473 aetate
1733 2421 1910 2471 factum
1949 2437 2062 2471 esse
2107 2438 2169 2472 ex
2218 2421 2364 2472 huius

308 2512 433 2562 libro
457 2512 483 2561 1
519 2511 582 2560 de
619 2530 672 2560 re
711 2512 902 2578 publica
922 2510 1253 2577 comperimus
1266 2511 1354 2579 ²¹)=
1388 2512 1498 2562 fieri
1533 2522 1692 2563 autem
1721 2528 1813 2561 non
1835 2511 1976 2567 aliter
2011 2512 2186 2577 potuit,
2221 2529 2364 2577 quan·

407 2670 481 2723 20)
509 2673 562 2711 De
579 2673 640 2709 ms
665 2673 740 2711 vid.
756 2672 866 2721 Corp.
883 2672 1002 2710 inser.
1024 2671 1039 2709 1
1067 2682 1128 2711 no.
1150 2673 1234 2717 157,
1249 2672 1313 2710 23.
1333 2674 1372 2710 et
1391 2672 1554 2711 Boeckb.
1573 2670 1712 2709 oecon.
1733 2671 1831 2719 publ.
1840 2671 1927 2709 Ath.
1942 2670 1974 2708 11
1989 2681 2025 2719 p.
2047 2673 2118 2710 12⁹
2138 2674 2198 2712 ed.
2217 2683 2300 2712 see.
2315 2693 2361 2701 —

307 2747 497 2795 Templum
529 2745 706 2785 Bendtdts
719 2774 729 2790 ‚
764 2742 809 2782 τὸ
845 2742 1088 2790 Βενδιδεῐον,
1125 2754 1243 2793 prope
1277 2744 1409 2784 aedem
1437 2744 1580 2782 Dianae
1617 2743 1850 2789 mumoniae,
1885 2748 2153 2784 commemorat
2190 2747 2360 2793 Xenoph-

309 2819 404 2859 Hell.
422 2819 467 2865 ΙΙ,
485 2820 522 2865 4,
543 2820 603 2857 11.

408 2889 482 2942 21)
512 2891 564 2932 De
591 2901 690 2931 anno
716 2901 790 2930 non
817 2892 914 2931 satls
941 2890 1102 2937 constat,
1130 2900 1248 2936 neque
1274 2899 1368 2938 opus
1396 2891 1455 2930 est
1483 2899 1580 2929 nunc
1606 2890 1747 2935 quaeri.
