<?xml version="1.0" encoding="UTF-8"?>
<!DOCTYPE html PUBLIC "-//W3C//DTD XHTML 1.0 Transitional//EN"
    "http://www.w3.org/TR/xhtml1/DTD/xhtml1-transitional.dtd">
<html xmlns="http://www.w3.org/1999/xhtml" xml:lang="en" lang="en">
 <head>
  <title>
</title>
<meta http-equiv="Content-Type" content="text/html;charset=utf-8" />
  <meta name='ocr-system' content='tesseract 3.04.00' />
  <meta name='ocr-capabilities' content='ocr_page ocr_carea ocr_par ocr_line ocrx_word'/>
</head>
<body>
  <div class='ocr_page' id='page_1' title='image "4769585_0023.png"; bbox 0 0 2714 3621; ppageno 0'>
   <div class='ocr_carea' id='block_1_1' title="bbox 285 324 2355 2578">
    <p class='ocr_par' dir='ltr' id='par_1_1' title="bbox 285 324 2355 2578">
     <span class='ocr_line' id='line_1_1' title="bbox 301 324 2355 400; baseline 0 -18"><span class='ocrx_word' id='word_1_1' title='bbox 301 333 575 384; x_wconf 85' lang='lat' dir='ltr'><strong>institutum</strong></span> <span class='ocrx_word' id='word_1_2' title='bbox 610 332 675 382; x_wconf 87' lang='lat' dir='ltr'><strong>sit</strong></span> <span class='ocrx_word' id='word_1_3' title='bbox 708 330 925 399; x_wconf 83' lang='lat' dir='ltr'><strong>indagari</strong></span> <span class='ocrx_word' id='word_1_4' title='bbox 961 338 1138 399; x_wconf 89' lang='lat' dir='ltr'><strong>potest.</strong></span> <span class='ocrx_word' id='word_1_5' title='bbox 1173 361 1240 368; x_wconf 95' lang='lat'><strong>—-</strong></span> <span class='ocrx_word' id='word_1_6' title='bbox 1277 324 1650 399; x_wconf 78' lang='lat' dir='ltr'><strong>Quodammodo</strong></span> <span class='ocrx_word' id='word_1_7' title='bbox 1680 341 1842 382; x_wconf 89' lang='lat' dir='ltr'><strong>autem</strong></span> <span class='ocrx_word' id='word_1_8' title='bbox 1878 334 1929 383; x_wconf 88' lang='lat' dir='ltr'><strong>in</strong></span> <span class='ocrx_word' id='word_1_9' title='bbox 1951 333 2225 400; x_wconf 79' lang='lat' dir='ltr'><strong>peregrinis</strong></span> <span class='ocrx_word' id='word_1_10' title='bbox 2261 334 2355 384; x_wconf 91' lang='lat' dir='ltr'><strong>diis</strong></span> 
     </span>
     <span class='ocr_line' id='line_1_2' title="bbox 301 423 2355 491; baseline 0.001 -18"><span class='ocrx_word' id='word_1_11' title='bbox 301 424 446 475; x_wconf 86' lang='lat' dir='ltr'><strong>etiam</strong></span> <span class='ocrx_word' id='word_1_12' title='bbox 466 425 573 476; x_wconf 89' lang='lat' dir='ltr'><strong>Pan</strong></span> <span class='ocrx_word' id='word_1_13' title='bbox 607 424 854 475; x_wconf 88' lang='lat' dir='ltr'><strong>numerari</strong></span> <span class='ocrx_word' id='word_1_14' title='bbox 879 431 1059 491; x_wconf 89' lang='lat' dir='ltr'><strong>potest,</strong></span> <span class='ocrx_word' id='word_1_15' title='bbox 1095 440 1191 474; x_wconf 89' lang='lat' dir='ltr'><strong>non</strong></span> <span class='ocrx_word' id='word_1_16' title='bbox 1224 423 1308 475; x_wconf 88' lang='lat' dir='ltr'><strong>ille</strong></span> <span class='ocrx_word' id='word_1_17' title='bbox 1343 424 1540 491; x_wconf 90' lang='lat' dir='ltr'><strong>quidem</strong></span> <span class='ocrx_word' id='word_1_18' title='bbox 1573 425 1825 487; x_wconf 86' lang='lat' dir='ltr'><strong>barbarus,</strong></span> <span class='ocrx_word' id='word_1_19' title='bbox 1855 439 2161 491; x_wconf 88' lang='lat' dir='ltr'><strong>nequaquam</strong></span> <span class='ocrx_word' id='word_1_20' title='bbox 2195 431 2355 475; x_wconf 89' lang='lat' dir='ltr'><strong>tamen</strong></span> 
     </span>
     <span class='ocr_line' id='line_1_3' title="bbox 300 512 2355 582; baseline 0 -17"><span class='ocrx_word' id='word_1_21' title='bbox 300 513 508 566; x_wconf 87' lang='lat' dir='ltr'><strong>cunctae</strong></span> <span class='ocrx_word' id='word_1_22' title='bbox 545 513 792 567; x_wconf 81' lang='lat' dir='ltr'><strong>Graeciae</strong></span> <span class='ocrx_word' id='word_1_23' title='bbox 825 512 1119 577; x_wconf 88' lang='lat' dir='ltr'><strong>communis,</strong></span> <span class='ocrx_word' id='word_1_24' title='bbox 1163 513 1254 565; x_wconf 90' lang='lat' dir='ltr'><strong>sed</strong></span> <span class='ocrx_word' id='word_1_25' title='bbox 1297 516 1357 565; x_wconf 89' lang='lat' dir='ltr'><strong>ab</strong></span> <span class='ocrx_word' id='word_1_26' title='bbox 1397 515 1560 578; x_wconf 90' lang='lat' dir='ltr'><strong>initio,</strong></span> <span class='ocrx_word' id='word_1_27' title='bbox 1607 516 1836 582; x_wconf 87' lang='lat' dir='ltr'><strong>quantum</strong></span> <span class='ocrx_word' id='word_1_28' title='bbox 1873 515 2070 581; x_wconf 91' lang='lat' dir='ltr'><strong>quidem</strong></span> <span class='ocrx_word' id='word_1_29' title='bbox 2107 514 2355 566; x_wconf 83' lang='lat' dir='ltr'><strong>coniicere</strong></span> 
     </span>
     <span class='ocr_line' id='line_1_4' title="bbox 298 604 2355 675; baseline 0 -19"><span class='ocrx_word' id='word_1_30' title='bbox 298 605 439 669; x_wconf 88' lang='lat' dir='ltr'><strong>licet,</strong></span> <span class='ocrx_word' id='word_1_31' title='bbox 488 604 781 656; x_wconf 83' lang='lat' dir='ltr'><strong>Arcadibus·</strong></span> <span class='ocrx_word' id='word_1_32' title='bbox 804 604 1048 672; x_wconf 88' lang='lat' dir='ltr'><strong>proprius.</strong></span> <span class='ocrx_word' id='word_1_33' title='bbox 1135 604 1214 655; x_wconf 90' lang='lat' dir='ltr'><strong>De</strong></span> <span class='ocrx_word' id='word_1_34' title='bbox 1256 604 1401 655; x_wconf 89' lang='lat' dir='ltr'><strong>huius</strong></span> <span class='ocrx_word' id='word_1_35' title='bbox 1453 606 1586 656; x_wconf 92' lang='lat' dir='ltr'><strong>cultu</strong></span> <span class='ocrx_word' id='word_1_36' title='bbox 1626 605 1822 673; x_wconf 89' lang='lat' dir='ltr'><strong>publico</strong></span> <span class='ocrx_word' id='word_1_37' title='bbox 1865 606 2075 656; x_wconf 86' lang='lat' dir='ltr'><strong>Athenis</strong></span> <span class='ocrx_word' id='word_1_38' title='bbox 2121 614 2355 675; x_wconf 89' lang='lat' dir='ltr'><strong>suscepto</strong></span> 
     </span>
     <span class='ocr_line' id='line_1_5' title="bbox 297 695 2353 765; baseline 0 -18"><span class='ocrx_word' id='word_1_39' title='bbox 297 706 411 748; x_wconf 88' lang='lat' dir='ltr'><strong>nota</strong></span> <span class='ocrx_word' id='word_1_40' title='bbox 453 705 530 746; x_wconf 89' lang='lat' dir='ltr'><strong>est</strong></span> <span class='ocrx_word' id='word_1_41' title='bbox 572 696 820 747; x_wconf 87' lang='lat' dir='ltr'><strong>Herodoti</strong></span> <span class='ocrx_word' id='word_1_42' title='bbox 863 695 1100 760; x_wconf 84' lang='lat' dir='ltr'><strong>narratio,</strong></span> <span class='ocrx_word' id='word_1_43' title='bbox 1136 696 1228 759; x_wconf 89' lang='lat' dir='ltr'><strong>v1,</strong></span> <span class='ocrx_word' id='word_1_44' title='bbox 1288 697 1415 747; x_wconf 79' lang='lat'>105:</span> <span class='ocrx_word' id='word_1_45' title='bbox 1445 698 1571 748; x_wconf 91' lang='lat' dir='ltr'><strong>bello</strong></span> <span class='ocrx_word' id='word_1_46' title='bbox 1604 697 1808 748; x_wconf 90' lang='lat' dir='ltr'><strong>Persico</strong></span> <span class='ocrx_word' id='word_1_47' title='bbox 1842 697 2203 765; x_wconf 21' lang='lat' dir='ltr'><strong>primo‚4quum</strong></span> <span class='ocrx_word' id='word_1_48' title='bbox 2236 698 2353 748; x_wconf 88' lang='lat' dir='ltr'><strong>Phi-</strong></span> 
     </span>
     <span class='ocr_line' id='line_1_6' title="bbox 298 787 2350 855; baseline 0 -16"><span class='ocrx_word' id='word_1_49' title='bbox 298 788 548 855; x_wconf 89' lang='lat' dir='ltr'><strong>dippidem</strong></span> <span class='ocrx_word' id='word_1_50' title='bbox 582 804 836 838; x_wconf 87' lang='lat' dir='ltr'><strong>cursorem</strong></span> <span class='ocrx_word' id='word_1_51' title='bbox 867 787 1197 838; x_wconf 74' lang='lat' dir='ltr'><strong>Athenienses</strong></span> <span class='ocrx_word' id='word_1_52' title='bbox 1234 787 1461 854; x_wconf 83' lang='lat' dir='ltr'><strong>Spartam</strong></span> <span class='ocrx_word' id='word_1_53' title='bbox 1491 788 1737 839; x_wconf 85' lang='lat' dir='ltr'><strong>misissent</strong></span> <span class='ocrx_word' id='word_1_54' title='bbox 1771 788 1954 840; x_wconf 87' lang='lat' dir='ltr'><strong>auxilia</strong></span> <span class='ocrx_word' id='word_1_55' title='bbox 1980 790 2350 852; x_wconf 86' lang='lat' dir='ltr'><strong>arcessiturum,</strong></span> 
     </span>
     <span class='ocr_line' id='line_1_7' title="bbox 297 876 2348 946; baseline 0 -17"><span class='ocrx_word' id='word_1_56' title='bbox 297 878 412 929; x_wconf 74' lang='lat' dir='ltr'><strong>b&#39;uic</strong></span> <span class='ocrx_word' id='word_1_57' title='bbox 445 879 745 929; x_wconf 65' lang='lat' dir='ltr'><strong>in&#39;Arcadia</strong></span> <span class='ocrx_word' id='word_1_58' title='bbox 786 877 848 928; x_wconf 89' lang='lat' dir='ltr'><strong>ad</strong></span> <span class='ocrx_word' id='word_1_59' title='bbox 887 876 1116 928; x_wconf 41' lang='lat' dir='ltr'><strong>montem*</strong></span> <span class='ocrx_word' id='word_1_60' title='bbox 1143 878 1465 929; x_wconf 85' lang='lat' dir='ltr'><strong>Parthenium</strong></span> <span class='ocrx_word' id='word_1_61' title='bbox 1512 896 1667 946; x_wconf 84' lang='lat' dir='ltr'><strong>prope</strong></span> <span class='ocrx_word' id='word_1_62' title='bbox 1703 880 1921 946; x_wconf 80' lang='lat' dir='ltr'><strong>Tegeam</strong></span> <span class='ocrx_word' id='word_1_63' title='bbox 1950 881 2137 930; x_wconf 89' lang='lat' dir='ltr'><strong>Panem</strong></span> <span class='ocrx_word' id='word_1_64' title='bbox 2171 897 2228 930; x_wconf 91' lang='lat' dir='ltr'><strong>se</strong></span> <span class='ocrx_word' id='word_1_65' title='bbox 2264 881 2348 930; x_wconf 94' lang='lat' dir='ltr'><strong>ob-</strong></span> 
     </span>
     <span class='ocr_line' id='line_1_8' title="bbox 296 969 2349 1038; baseline 0 -18"><span class='ocrx_word' id='word_1_66' title='bbox 296 970 470 1021; x_wconf 84' lang='lat' dir='ltr'><strong>tulisse</strong></span> <span class='ocrx_word' id='word_1_67' title='bbox 516 970 660 1037; x_wconf 90' lang='lat' dir='ltr'><strong>eique</strong></span> <span class='ocrx_word' id='word_1_68' title='bbox 702 969 957 1020; x_wconf 86' lang='lat' dir='ltr'><strong>mandasse</strong></span> <span class='ocrx_word' id='word_1_69' title='bbox 1002 978 1057 1020; x_wconf 93' lang='lat' dir='ltr'><strong>ut</strong></span> <span class='ocrx_word' id='word_1_70' title='bbox 1098 970 1404 1020; x_wconf 86' lang='lat' dir='ltr'><strong>renuntiaret</strong></span> <span class='ocrx_word' id='word_1_71' title='bbox 1445 971 1851 1034; x_wconf 75' lang='lat' dir='ltr'><strong>AtheniensibuS,</strong></span> <span class='ocrx_word' id='word_1_72' title='bbox 1896 972 2062 1021; x_wconf 88' lang='lat' dir='ltr'><strong>mirari</strong></span> <span class='ocrx_word' id='word_1_73' title='bbox 2101 989 2181 1034; x_wconf 91' lang='lat' dir='ltr'><strong>se,</strong></span> <span class='ocrx_word' id='word_1_74' title='bbox 2217 972 2349 1038; x_wconf 90' lang='lat' dir='ltr'><strong>quod</strong></span> 
     </span>
     <span class='ocr_line' id='line_1_9' title="bbox 298 1059 2349 1129; baseline -0 -17"><span class='ocrx_word' id='word_1_75' title='bbox 298 1076 469 1127; x_wconf 90' lang='lat' dir='ltr'><strong>parum</strong></span> <span class='ocrx_word' id='word_1_76' title='bbox 498 1061 575 1112; x_wconf 93' lang='lat' dir='ltr'><strong>sui</strong></span> <span class='ocrx_word' id='word_1_77' title='bbox 607 1076 849 1111; x_wconf 89' lang='lat' dir='ltr'><strong>memores</strong></span> <span class='ocrx_word' id='word_1_78' title='bbox 879 1068 1060 1123; x_wconf 92' lang='lat' dir='ltr'><strong>essent,</strong></span> <span class='ocrx_word' id='word_1_79' title='bbox 1105 1059 1324 1126; x_wconf 86' lang='lat' dir='ltr'><strong>quamvis</strong></span> <span class='ocrx_word' id='word_1_80' title='bbox 1357 1060 1497 1129; x_wconf 70' lang='lat' dir='ltr'><strong>valde</strong></span> <span class='ocrx_word' id='word_1_81' title='bbox 1533 1060 1594 1111; x_wconf 91' lang='lat' dir='ltr'><strong>iis</strong></span> <span class='ocrx_word' id='word_1_82' title='bbox 1637 1061 1825 1112; x_wconf 86' lang='lat' dir='ltr'><strong>faveret</strong></span> <span class='ocrx_word' id='word_1_83' title='bbox 1855 1077 1947 1111; x_wconf 90' lang='lat' dir='ltr'><strong>nec</strong></span> <span class='ocrx_word' id='word_1_84' title='bbox 1981 1077 2139 1128; x_wconf 87' lang='lat' dir='ltr'><strong>pauca</strong></span> <span class='ocrx_word' id='word_1_85' title='bbox 2166 1061 2349 1112; x_wconf 85' lang='lat' dir='ltr'><strong>favoris</strong></span> 
     </span>
     <span class='ocr_line' id='line_1_10' title="bbox 295 1149 2343 1217; baseline -0 -15"><span class='ocrx_word' id='word_1_86' title='bbox 295 1151 585 1202; x_wconf 88' lang='lat' dir='ltr'><strong>documenta</strong></span> <span class='ocrx_word' id='word_1_87' title='bbox 619 1150 793 1217; x_wconf 89' lang='lat' dir='ltr'><strong>partim</strong></span> <span class='ocrx_word' id='word_1_88' title='bbox 829 1149 923 1199; x_wconf 90' lang='lat' dir='ltr'><strong>iam</strong></span> <span class='ocrx_word' id='word_1_89' title='bbox 964 1149 1225 1213; x_wconf 86' lang='lat' dir='ltr'><strong>edidisset,</strong></span> <span class='ocrx_word' id='word_1_90' title='bbox 1267 1150 1442 1216; x_wconf 90' lang='lat' dir='ltr'><strong>partim</strong></span> <span class='ocrx_word' id='word_1_91' title='bbox 1476 1159 1600 1205; x_wconf 68' lang='lat' dir='ltr'><strong>{mox</strong></span> <span class='ocrx_word' id='word_1_92' title='bbox 1626 1151 1848 1202; x_wconf 90' lang='lat' dir='ltr'><strong>editurus</strong></span> <span class='ocrx_word' id='word_1_93' title='bbox 1885 1161 2033 1201; x_wconf 90' lang='lat' dir='ltr'><strong>esset.</strong></span> <span class='ocrx_word' id='word_1_94' title='bbox 2106 1152 2251 1202; x_wconf 85' lang='lat' dir='ltr'><strong>Hanc</strong></span> <span class='ocrx_word' id='word_1_95' title='bbox 2280 1154 2343 1201; x_wconf 93' lang='lat' dir='ltr'><strong>ob</strong></span> 
     </span>
     <span class='ocr_line' id='line_1_11' title="bbox 296 1240 2344 1308; baseline 0 -16"><span class='ocrx_word' id='word_1_96' title='bbox 296 1242 510 1304; x_wconf 83' lang='lat' dir='ltr'><strong>causam,</strong></span> <span class='ocrx_word' id='word_1_97' title='bbox 544 1241 678 1291; x_wconf 88' lang='lat' dir='ltr'><strong>addit</strong></span> <span class='ocrx_word' id='word_1_98' title='bbox 706 1241 1014 1303; x_wconf 85' lang='lat' dir='ltr'><strong>HerodotuS‚</strong></span> <span class='ocrx_word' id='word_1_99' title='bbox 1049 1240 1422 1291; x_wconf 85' lang='lat' dir='ltr'><strong>bellofeliciter</strong></span> <span class='ocrx_word' id='word_1_100' title='bbox 1464 1242 1707 1304; x_wconf 81' lang='lat' dir='ltr'><strong>confecto,</strong></span> <span class='ocrx_word' id='word_1_101' title='bbox 1749 1260 1897 1307; x_wconf 91' lang='lat' dir='ltr'><strong>quum</strong></span> <span class='ocrx_word' id='word_1_102' title='bbox 1937 1260 2054 1292; x_wconf 87' lang='lat' dir='ltr'><strong>vera</strong></span> <span class='ocrx_word' id='word_1_103' title='bbox 2090 1244 2344 1308; x_wconf 88' lang='lat' dir='ltr'><strong>Phidippi-</strong></span> 
     </span>
     <span class='ocr_line' id='line_1_12' title="bbox 294 1329 2344 1393; baseline -0 -10"><span class='ocrx_word' id='word_1_104' title='bbox 294 1334 403 1383; x_wconf 91' lang='lat' dir='ltr'><strong>dem</strong></span> <span class='ocrx_word' id='word_1_105' title='bbox 445 1332 752 1382; x_wconf 89' lang='lat' dir='ltr'><strong>renuntiasse</strong></span> <span class='ocrx_word' id='word_1_106' title='bbox 794 1329 1080 1393; x_wconf 81' lang='lat' dir='ltr'><strong>crederent,</strong></span> <span class='ocrx_word' id='word_1_107' title='bbox 1117 1347 1213 1381; x_wconf 91' lang='lat' dir='ltr'><strong>non</strong></span> <span class='ocrx_word' id='word_1_108' title='bbox 1262 1331 1408 1381; x_wconf 93' lang='lat' dir='ltr'><strong>modo</strong></span> <span class='ocrx_word' id='word_1_109' title='bbox 1453 1333 1683 1382; x_wconf 91' lang='lat' dir='ltr'><strong>sacellum</strong></span> <span class='ocrx_word' id='word_1_110' title='bbox 1730 1333 1854 1382; x_wconf 90' lang='lat' dir='ltr'><strong>Pani</strong></span> <span class='ocrx_word' id='word_1_111' title='bbox 1897 1335 1987 1382; x_wconf 89' lang='lat' dir='ltr'><strong>sub</strong></span> <span class='ocrx_word' id='word_1_112' title='bbox 2025 1349 2140 1383; x_wconf 89' lang='lat' dir='ltr'><strong>arce</strong></span> <span class='ocrx_word' id='word_1_113' title='bbox 2174 1350 2344 1384; x_wconf 88' lang='lat' dir='ltr'><strong>conse-</strong></span> 
     </span>
     <span class='ocr_line' id='line_1_13' title="bbox 294 1422 2344 1490; baseline 0 -17"><span class='ocrx_word' id='word_1_114' title='bbox 294 1432 507 1485; x_wconf 88' lang='lat' dir='ltr'><strong>crarunt,</strong></span> <span class='ocrx_word' id='word_1_115' title='bbox 541 1422 630 1472; x_wconf 90' lang='lat' dir='ltr'><strong>sed</strong></span> <span class='ocrx_word' id='word_1_116' title='bbox 666 1422 809 1471; x_wconf 89' lang='lat' dir='ltr'><strong>etiam</strong></span> <span class='ocrx_word' id='word_1_117' title='bbox 840 1438 980 1471; x_wconf 87' lang='lat' dir='ltr'><strong>sacra</strong></span> <span class='ocrx_word' id='word_1_118' title='bbox 1024 1424 1182 1471; x_wconf 84' lang='lat' dir='ltr'><strong>annua</strong></span> <span class='ocrx_word' id='word_1_119' title='bbox 1224 1439 1335 1470; x_wconf 91' lang='lat' dir='ltr'><strong>cum</strong></span> <span class='ocrx_word' id='word_1_120' title='bbox 1374 1422 1799 1490; x_wconf 88' lang='lat' dir='ltr'><strong>lampadodromiis</strong></span> <span class='ocrx_word' id='word_1_121' title='bbox 1844 1423 2177 1473; x_wconf 91' lang='lat' dir='ltr'><strong>instituerunt.</strong></span> <span class='ocrx_word' id='word_1_122' title='bbox 2246 1424 2344 1474; x_wconf 88' lang='lat' dir='ltr'><strong>Ne-</strong></span> 
     </span>
     <span class='ocr_line' id='line_1_14' title="bbox 292 1510 2346 1580; baseline 0 -16"><span class='ocrx_word' id='word_1_123' title='bbox 292 1531 388 1580; x_wconf 90' lang='lat' dir='ltr'><strong>que</strong></span> <span class='ocrx_word' id='word_1_124' title='bbox 417 1530 506 1563; x_wconf 89' lang='lat' dir='ltr'><strong>nos</strong></span> <span class='ocrx_word' id='word_1_125' title='bbox 544 1511 885 1574; x_wconf 74' lang='lat' dir='ltr'><strong>dubitabimuS,</strong></span> <span class='ocrx_word' id='word_1_126' title='bbox 917 1511 1035 1578; x_wconf 91' lang='lat' dir='ltr'><strong>quin</strong></span> <span class='ocrx_word' id='word_1_127' title='bbox 1068 1511 1277 1562; x_wconf 82' lang='lat' dir='ltr'><strong>fabulam</strong></span> <span class='ocrx_word' id='word_1_128' title='bbox 1312 1510 1451 1561; x_wconf 89' lang='lat' dir='ltr'><strong>istam</strong></span> <span class='ocrx_word' id='word_1_129' title='bbox 1481 1512 1544 1562; x_wconf 94' lang='lat' dir='ltr'><strong>de</strong></span> <span class='ocrx_word' id='word_1_130' title='bbox 1580 1511 1877 1578; x_wconf 89' lang='lat' dir='ltr'><strong>Phidippide</strong></span> <span class='ocrx_word' id='word_1_131' title='bbox 1921 1512 2059 1562; x_wconf 91' lang='lat' dir='ltr'><strong>multi</strong></span> <span class='ocrx_word' id='word_1_132' title='bbox 2108 1530 2199 1579; x_wconf 91' lang='lat' dir='ltr'><strong>pro</strong></span> <span class='ocrx_word' id='word_1_133' title='bbox 2228 1523 2346 1564; x_wconf 88' lang='lat' dir='ltr'><strong>vera</strong></span> 
     </span>
     <span class='ocr_line' id='line_1_15' title="bbox 292 1602 2343 1669; baseline -0 -14"><span class='ocrx_word' id='word_1_134' title='bbox 292 1604 577 1665; x_wconf 81' lang='lat' dir='ltr'><strong>habuerint3</strong></span> <span class='ocrx_word' id='word_1_135' title='bbox 613 1602 931 1669; x_wconf 83' lang='lat' dir='ltr'><strong>compositam</strong></span> <span class='ocrx_word' id='word_1_136' title='bbox 968 1608 1129 1652; x_wconf 85' lang='lat' dir='ltr'><strong>autem</strong></span> <span class='ocrx_word' id='word_1_137' title='bbox 1164 1609 1397 1668; x_wconf 89' lang='lat' dir='ltr'><strong>putamus</strong></span> <span class='ocrx_word' id='word_1_138' title='bbox 1424 1620 1523 1652; x_wconf 86' lang='lat' dir='ltr'><strong>-seu</strong></span> <span class='ocrx_word' id='word_1_139' title='bbox 1563 1604 1622 1652; x_wconf 92' lang='lat' dir='ltr'><strong>ab</strong></span> <span class='ocrx_word' id='word_1_140' title='bbox 1654 1602 1764 1668; x_wconf 88' lang='lat' dir='ltr'><strong>ipso</strong></span> <span class='ocrx_word' id='word_1_141' title='bbox 1800 1602 2101 1669; x_wconf 89' lang='lat' dir='ltr'><strong>Phidippide</strong></span> <span class='ocrx_word' id='word_1_142' title='bbox 2142 1603 2246 1654; x_wconf 86' lang='lat' dir='ltr'><strong>sive</strong></span> <span class='ocrx_word' id='word_1_143' title='bbox 2283 1606 2343 1654; x_wconf 88' lang='lat' dir='ltr'><strong>ab</strong></span> 
     </span>
     <span class='ocr_line' id='line_1_16' title="bbox 292 1692 2340 1761; baseline 0 -16"><span class='ocrx_word' id='word_1_144' title='bbox 292 1696 415 1758; x_wconf 86' lang='lat' dir='ltr'><strong>aliis,</strong></span> <span class='ocrx_word' id='word_1_145' title='bbox 446 1712 543 1761; x_wconf 91' lang='lat' dir='ltr'><strong>quo</strong></span> <span class='ocrx_word' id='word_1_146' title='bbox 572 1693 763 1743; x_wconf 86' lang='lat' dir='ltr'><strong>facilius</strong></span> <span class='ocrx_word' id='word_1_147' title='bbox 793 1694 1004 1759; x_wconf 89' lang='lat' dir='ltr'><strong>populus</strong></span> <span class='ocrx_word' id='word_1_148' title='bbox 1040 1693 1103 1742; x_wconf 86' lang='lat' dir='ltr'><strong>ad</strong></span> <span class='ocrx_word' id='word_1_149' title='bbox 1136 1692 1372 1742; x_wconf 90' lang='lat' dir='ltr'><strong>honorem</strong></span> <span class='ocrx_word' id='word_1_150' title='bbox 1402 1693 1584 1759; x_wconf 83' lang='lat' dir='ltr'><strong>agresti</strong></span> <span class='ocrx_word' id='word_1_151' title='bbox 1617 1693 1686 1742; x_wconf 91' lang='lat' dir='ltr'><strong>illi</strong></span> <span class='ocrx_word' id='word_1_152' title='bbox 1720 1700 1771 1742; x_wconf 92' lang='lat' dir='ltr'><strong>et</strong></span> <span class='ocrx_word' id='word_1_153' title='bbox 1805 1694 1945 1759; x_wconf 88' lang='lat' dir='ltr'><strong>quasi</strong></span> <span class='ocrx_word' id='word_1_154' title='bbox 1973 1694 2036 1743; x_wconf 91' lang='lat' dir='ltr'><strong>de</strong></span> <span class='ocrx_word' id='word_1_155' title='bbox 2071 1696 2214 1760; x_wconf 84' lang='lat' dir='ltr'><strong>plebe</strong></span> <span class='ocrx_word' id='word_1_156' title='bbox 2245 1696 2340 1745; x_wconf 91' lang='lat' dir='ltr'><strong>deo</strong></span> 
     </span>
     <span class='ocr_line' id='line_1_17' title="bbox 292 1782 2341 1850; baseline 0 -16"><span class='ocrx_word' id='word_1_157' title='bbox 292 1793 388 1834; x_wconf 87' lang='lat' dir='ltr'><strong>tam</strong></span> <span class='ocrx_word' id='word_1_158' title='bbox 434 1784 671 1850; x_wconf 88' lang='lat' dir='ltr'><strong>insignem</strong></span> <span class='ocrx_word' id='word_1_159' title='bbox 710 1782 984 1832; x_wconf 89' lang='lat' dir='ltr'><strong>babendum</strong></span> <span class='ocrx_word' id='word_1_160' title='bbox 1036 1789 1427 1847; x_wconf 86' lang='lat' dir='ltr'><strong>permoveretur.</strong></span> <span class='ocrx_word' id='word_1_161' title='bbox 1505 1782 1681 1831; x_wconf 87' lang='lat' dir='ltr'><strong>Ortum</strong></span> <span class='ocrx_word' id='word_1_162' title='bbox 1735 1789 1896 1832; x_wconf 84' lang='lat' dir='ltr'><strong>autem</strong></span> <span class='ocrx_word' id='word_1_163' title='bbox 1945 1784 2039 1833; x_wconf 92' lang='lat' dir='ltr'><strong>hoc</strong></span> <span class='ocrx_word' id='word_1_164' title='bbox 2087 1785 2341 1834; x_wconf 87' lang='lat' dir='ltr'><strong>consilium</strong></span> 
     </span>
     <span class='ocr_line' id='line_1_18' title="bbox 292 1871 2341 1940; baseline 0 -17"><span class='ocrx_word' id='word_1_165' title='bbox 292 1882 403 1940; x_wconf 91' lang='lat' dir='ltr'><strong>post</strong></span> <span class='ocrx_word' id='word_1_166' title='bbox 450 1890 659 1940; x_wconf 87' lang='lat' dir='ltr'><strong>pugnam</strong></span> <span class='ocrx_word' id='word_1_167' title='bbox 712 1873 909 1921; x_wconf 91' lang='lat' dir='ltr'><strong>demum</strong></span> <span class='ocrx_word' id='word_1_168' title='bbox 944 1871 1328 1933; x_wconf 85' lang='lat' dir='ltr'><strong>Marathoniam,</strong></span> <span class='ocrx_word' id='word_1_169' title='bbox 1384 1879 1435 1920; x_wconf 91' lang='lat' dir='ltr'><strong>et</strong></span> <span class='ocrx_word' id='word_1_170' title='bbox 1483 1880 1686 1937; x_wconf 91' lang='lat' dir='ltr'><strong>propter</strong></span> <span class='ocrx_word' id='word_1_171' title='bbox 1737 1872 1897 1937; x_wconf 92' lang='lat' dir='ltr'><strong>ipsum</strong></span> <span class='ocrx_word' id='word_1_172' title='bbox 1945 1889 2133 1937; x_wconf 90' lang='lat' dir='ltr'><strong>pugnae</strong></span> <span class='ocrx_word' id='word_1_173' title='bbox 2178 1874 2341 1923; x_wconf 91' lang='lat' dir='ltr'><strong>locum</strong></span> 
     </span>
     <span class='ocr_line' id='line_1_19' title="bbox 291 1961 2340 2031; baseline -0.002 -16"><span class='ocrx_word' id='word_1_174' title='bbox 291 1965 612 2031; x_wconf 89' lang='lat' dir='ltr'><strong>suspicamur.</strong></span> <span class='ocrx_word' id='word_1_175' title='bbox 692 1962 814 2012; x_wconf 90' lang='lat' dir='ltr'><strong>Nam</strong></span> <span class='ocrx_word' id='word_1_176' title='bbox 856 1961 1106 2027; x_wconf 89' lang='lat' dir='ltr'><strong>probabile</strong></span> <span class='ocrx_word' id='word_1_177' title='bbox 1150 1969 1227 2010; x_wconf 91' lang='lat' dir='ltr'><strong>est</strong></span> <span class='ocrx_word' id='word_1_178' title='bbox 1275 1961 1325 2010; x_wconf 93' lang='lat' dir='ltr'><strong>in</strong></span> <span class='ocrx_word' id='word_1_179' title='bbox 1373 1962 1465 2010; x_wconf 91' lang='lat' dir='ltr'><strong>bac</strong></span> <span class='ocrx_word' id='word_1_180' title='bbox 1521 1971 1661 2027; x_wconf 90' lang='lat' dir='ltr'><strong>parte</strong></span> <span class='ocrx_word' id='word_1_181' title='bbox 1704 1962 1921 2023; x_wconf 86' lang='lat' dir='ltr'><strong>Atticae,</strong></span> <span class='ocrx_word' id='word_1_182' title='bbox 1975 1978 2100 2026; x_wconf 87' lang='lat' dir='ltr'><strong>quae</strong></span> <span class='ocrx_word' id='word_1_183' title='bbox 2141 1963 2340 2012; x_wconf 84' lang='lat' dir='ltr'><strong>Diacria</strong></span> 
     </span>
     <span class='ocr_line' id='line_1_20' title="bbox 291 2050 2340 2119; baseline -0.001 -15"><span class='ocrx_word' id='word_1_184' title='bbox 291 2054 487 2117; x_wconf 90' lang='lat' dir='ltr'><strong>dicitur,</strong></span> <span class='ocrx_word' id='word_1_185' title='bbox 516 2063 718 2119; x_wconf 89' lang='lat' dir='ltr'><strong>eratque</strong></span> <span class='ocrx_word' id='word_1_186' title='bbox 753 2051 924 2118; x_wconf 87' lang='lat' dir='ltr'><strong>pecori</strong></span> <span class='ocrx_word' id='word_1_187' title='bbox 952 2050 1104 2117; x_wconf 88' lang='lat' dir='ltr'><strong>magis</strong></span> <span class='ocrx_word' id='word_1_188' title='bbox 1139 2065 1283 2117; x_wconf 91' lang='lat' dir='ltr'><strong>quam</strong></span> <span class='ocrx_word' id='word_1_189' title='bbox 1316 2050 1420 2116; x_wconf 86' lang='lat' dir='ltr'><strong>agri</strong></span> <span class='ocrx_word' id='word_1_190' title='bbox 1455 2051 1675 2101; x_wconf 88' lang='lat' dir='ltr'><strong>culturae</strong></span> <span class='ocrx_word' id='word_1_191' title='bbox 1705 2059 1838 2116; x_wconf 91' lang='lat' dir='ltr'><strong>apta,</strong></span> <span class='ocrx_word' id='word_1_192' title='bbox 1882 2051 2067 2101; x_wconf 85' lang='lat' dir='ltr'><strong>Panem</strong></span> <span class='ocrx_word' id='word_1_193' title='bbox 2102 2052 2248 2102; x_wconf 90' lang='lat' dir='ltr'><strong>deum</strong></span> <span class='ocrx_word' id='word_1_194' title='bbox 2279 2054 2340 2102; x_wconf 88' lang='lat' dir='ltr'><strong>ab</strong></span> 
     </span>
     <span class='ocr_line' id='line_1_21' title="bbox 288 2140 2340 2210; baseline -0.001 -15"><span class='ocrx_word' id='word_1_195' title='bbox 288 2144 459 2195; x_wconf 90' lang='lat' dir='ltr'><strong>incolis</strong></span> <span class='ocrx_word' id='word_1_196' title='bbox 504 2142 781 2210; x_wconf 87' lang='lat' dir='ltr'><strong>pastoribus</strong></span> <span class='ocrx_word' id='word_1_197' title='bbox 822 2150 874 2191; x_wconf 91' lang='lat' dir='ltr'><strong>et</strong></span> <span class='ocrx_word' id='word_1_198' title='bbox 908 2141 1106 2191; x_wconf 90' lang='lat' dir='ltr'><strong>rusticis</strong></span> <span class='ocrx_word' id='word_1_199' title='bbox 1144 2140 1238 2190; x_wconf 89' lang='lat' dir='ltr'><strong>iam</strong></span> <span class='ocrx_word' id='word_1_200' title='bbox 1268 2140 1408 2206; x_wconf 89' lang='lat' dir='ltr'><strong>prius</strong></span> <span class='ocrx_word' id='word_1_201' title='bbox 1439 2142 1619 2191; x_wconf 90' lang='lat' dir='ltr'><strong>cultum</strong></span> <span class='ocrx_word' id='word_1_202' title='bbox 1649 2141 1818 2202; x_wconf 84' lang='lat' dir='ltr'><strong>fuisse,</strong></span> <span class='ocrx_word' id='word_1_203' title='bbox 1845 2141 2165 2207; x_wconf 90' lang='lat' dir='ltr'><strong>novimusque</strong></span> <span class='ocrx_word' id='word_1_204' title='bbox 2208 2143 2340 2208; x_wconf 89' lang='lat' dir='ltr'><strong>apud</strong></span> 
     </span>
     <span class='ocr_line' id='line_1_22' title="bbox 287 2231 2341 2298; baseline -0.002 -13"><span class='ocrx_word' id='word_1_205' title='bbox 287 2235 626 2285; x_wconf 87' lang='lat' dir='ltr'><strong>Marathonem</strong></span> <span class='ocrx_word' id='word_1_206' title='bbox 661 2234 806 2283; x_wconf 91' lang='lat' dir='ltr'><strong>etiam</strong></span> <span class='ocrx_word' id='word_1_207' title='bbox 835 2241 1045 2283; x_wconf 89' lang='lat' dir='ltr'><strong>montem</strong></span> <span class='ocrx_word' id='word_1_208' title='bbox 1072 2231 1197 2282; x_wconf 84' lang='lat' dir='ltr'><strong>Pani</strong></span> <span class='ocrx_word' id='word_1_209' title='bbox 1231 2239 1473 2282; x_wconf 89' lang='lat' dir='ltr'><strong>sacratum</strong></span> <span class='ocrx_word' id='word_1_210' title='bbox 1502 2231 1654 2281; x_wconf 88' lang='lat' dir='ltr'><strong>fuisse</strong></span> <span class='ocrx_word' id='word_1_211' title='bbox 1680 2247 1788 2279; x_wconf 91' lang='lat' dir='ltr'><strong>cum</strong></span> <span class='ocrx_word' id='word_1_212' title='bbox 1826 2238 1981 2292; x_wconf 87' lang='lat' dir='ltr'><strong>antro,</strong></span> <span class='ocrx_word' id='word_1_213' title='bbox 2017 2231 2065 2280; x_wconf 93' lang='lat' dir='ltr'><strong>in</strong></span> <span class='ocrx_word' id='word_1_214' title='bbox 2097 2249 2194 2298; x_wconf 89' lang='lat' dir='ltr'><strong>quo</strong></span> <span class='ocrx_word' id='word_1_215' title='bbox 2231 2232 2341 2282; x_wconf 89' lang='lat' dir='ltr'><strong>eius</strong></span> 
     </span>
     <span class='ocr_line' id='line_1_23' title="bbox 291 2321 2341 2388; baseline -0.001 -11"><span class='ocrx_word' id='word_1_216' title='bbox 291 2326 372 2377; x_wconf 92' lang='lat' dir='ltr'><strong>dei</strong></span> <span class='ocrx_word' id='word_1_217' title='bbox 406 2324 600 2370; x_wconf 76' lang='grc' dir='ltr'><strong><em>αἰπόλιον</em></strong></span> <span class='ocrx_word' id='word_1_218' title='bbox 636 2324 991 2385; x_wconf 90' lang='lat' dir='ltr'><strong>monstrabant,</strong></span> <span class='ocrx_word' id='word_1_219' title='bbox 1036 2322 1132 2372; x_wconf 92' lang='lat' dir='ltr'><strong>hoc</strong></span> <span class='ocrx_word' id='word_1_220' title='bbox 1179 2330 1256 2373; x_wconf 91' lang='lat' dir='ltr'><strong>est</strong></span> <span class='ocrx_word' id='word_1_221' title='bbox 1281 2322 1468 2388; x_wconf 86' lang='lat' dir='ltr'><strong>lapides</strong></span> <span class='ocrx_word' id='word_1_222' title='bbox 1504 2337 1760 2388; x_wconf 85' lang='lat' dir='ltr'><strong>caprarum</strong></span> <span class='ocrx_word' id='word_1_223' title='bbox 1793 2321 2031 2387; x_wconf 89' lang='lat' dir='ltr'><strong>quandam</strong></span> <span class='ocrx_word' id='word_1_224' title='bbox 2067 2321 2341 2374; x_wconf 90' lang='lat' dir='ltr'><strong>similitudi-</strong></span> 
     </span>
     <span class='ocr_line' id='line_1_24' title="bbox 285 2412 2341 2484; baseline -0.002 -15"><span class='ocrx_word' id='word_1_225' title='bbox 285 2435 396 2469; x_wconf 85' lang='lat' dir='ltr'><strong>nem</strong></span> <span class='ocrx_word' id='word_1_226' title='bbox 411 2419 686 2469; x_wconf 79' lang='lat' dir='ltr'><strong>referentes</strong></span> <span class='ocrx_word' id='word_1_227' title='bbox 697 2416 785 2484; x_wconf 79' lang='lat'>²⁶)=</span> <span class='ocrx_word' id='word_1_228' title='bbox 820 2431 946 2483; x_wconf 87' lang='lat' dir='ltr'><strong>quae</strong></span> <span class='ocrx_word' id='word_1_229' title='bbox 982 2415 1155 2481; x_wconf 85' lang='lat' dir='ltr'><strong>religio</strong></span> <span class='ocrx_word' id='word_1_230' title='bbox 1174 2415 1217 2465; x_wconf 90' lang='lat' dir='ltr'><strong>si</strong></span> <span class='ocrx_word' id='word_1_231' title='bbox 1248 2414 1342 2464; x_wconf 85' lang='lat' dir='ltr'><strong>iam</strong></span> <span class='ocrx_word' id='word_1_232' title='bbox 1379 2418 1489 2463; x_wconf 68' lang='lat' dir='ltr'><strong>inte</strong></span> <span class='ocrx_word' id='word_1_233' title='bbox 1519 2412 1696 2461; x_wconf 89' lang='lat' dir='ltr'><strong>bellum</strong></span> <span class='ocrx_word' id='word_1_234' title='bbox 1717 2412 1972 2463; x_wconf 90' lang='lat' dir='ltr'><strong>Persicum</strong></span> <span class='ocrx_word' id='word_1_235' title='bbox 2001 2412 2070 2462; x_wconf 93' lang='lat' dir='ltr'><strong>ibi</strong></span> <span class='ocrx_word' id='word_1_236' title='bbox 2105 2414 2214 2476; x_wconf 83' lang='lat' dir='ltr'><strong>fuit,</strong></span> <span class='ocrx_word' id='word_1_237' title='bbox 2244 2431 2341 2465; x_wconf 91' lang='lat' dir='ltr'><strong>non</strong></span> 
     </span>
     <span class='ocr_line' id='line_1_25' title="bbox 285 2502 2341 2578; baseline -0.002 -17"><span class='ocrx_word' id='word_1_238' title='bbox 285 2509 568 2561; x_wconf 85' lang='lat' dir='ltr'><strong>mirabimur</strong></span> <span class='ocrx_word' id='word_1_239' title='bbox 603 2508 728 2559; x_wconf 90' lang='lat' dir='ltr'><strong>hinc·</strong></span> <span class='ocrx_word' id='word_1_240' title='bbox 752 2508 929 2558; x_wconf 83' lang='lat' dir='ltr'><strong>multos</strong></span> <span class='ocrx_word' id='word_1_241' title='bbox 962 2513 1212 2578; x_wconf 91' lang='lat' dir='ltr'><strong>permotos</strong></span> <span class='ocrx_word' id='word_1_242' title='bbox 1241 2521 1371 2567; x_wconf 91' lang='lat' dir='ltr'><strong>esse,</strong></span> <span class='ocrx_word' id='word_1_243' title='bbox 1408 2514 1462 2555; x_wconf 93' lang='lat' dir='ltr'><strong>ut</strong></span> <span class='ocrx_word' id='word_1_244' title='bbox 1489 2502 1538 2551; x_wconf 88' lang='lat' dir='ltr'><strong>in</strong></span> <span class='ocrx_word' id='word_1_245' title='bbox 1567 2502 1755 2568; x_wconf 89' lang='lat' dir='ltr'><strong>proelio</strong></span> <span class='ocrx_word' id='word_1_246' title='bbox 1793 2502 1972 2553; x_wconf 91' lang='lat' dir='ltr'><strong>ibidem</strong></span> <span class='ocrx_word' id='word_1_247' title='bbox 2005 2513 2147 2569; x_wconf 88' lang='lat' dir='ltr'><strong>gesto</strong></span> <span class='ocrx_word' id='word_1_248' title='bbox 2193 2505 2341 2556; x_wconf 86' lang='lat' dir='ltr'><strong>vicini</strong></span> 
     </span>
    </p>
   </div>
   <div class='ocr_carea' id='block_1_2' title="bbox 299 2636 573 2643">
    <p class='ocr_par' dir='ltr' id='par_1_2' title="bbox 299 2636 573 2643">
     <span class='ocr_line' id='line_1_26' title="bbox 299 2636 573 2643; baseline 0 978"><span class='ocrx_word' id='word_1_249' title='bbox 299 2636 573 2643; x_wconf 95' lang='lat' dir='ltr'><strong> </strong></span> 
     </span>
    </p>
   </div>
   <div class='ocr_carea' id='block_1_3' title="bbox 286 2699 2342 2752">
    <p class='ocr_par' dir='ltr' id='par_1_3' title="bbox 286 2699 2342 2752">
     <span class='ocr_line' id='line_1_27' title="bbox 286 2699 2342 2752; baseline 0 -11"><span class='ocrx_word' id='word_1_250' title='bbox 286 2703 482 2752; x_wconf 79' lang='lat' dir='ltr'><strong>Nephtnye</strong></span> <span class='ocrx_word' id='word_1_251' title='bbox 507 2703 604 2750; x_wconf 76' lang='lat' dir='ltr'><strong>apud</strong></span> <span class='ocrx_word' id='word_1_252' title='bbox 634 2702 769 2740; x_wconf 82' lang='lat' dir='ltr'><strong>Athen.</strong></span> <span class='ocrx_word' id='word_1_253' title='bbox 806 2702 916 2739; x_wconf 86' lang='lat' dir='ltr'><strong>cultis</strong></span> <span class='ocrx_word' id='word_1_254' title='bbox 943 2702 1158 2739; x_wconf 81' lang='lat' dir='ltr'><strong>testimonia</strong></span> <span class='ocrx_word' id='word_1_255' title='bbox 1188 2701 1313 2738; x_wconf 75' lang='lat' dir='ltr'><strong>omnia</strong></span> <span class='ocrx_word' id='word_1_256' title='bbox 1339 2699 1563 2737; x_wconf 71' lang='lat' dir='ltr'><strong>recentioris</strong></span> <span class='ocrx_word' id='word_1_257' title='bbox 1597 2700 1734 2738; x_wconf 77' lang='lat' dir='ltr'><strong>aetatis</strong></span> <span class='ocrx_word' id='word_1_258' title='bbox 1759 2699 1863 2743; x_wconf 86' lang='lat' dir='ltr'><strong>sunt,</strong></span> <span class='ocrx_word' id='word_1_259' title='bbox 1889 2706 1961 2735; x_wconf 89' lang='lat' dir='ltr'><strong>nec</strong></span> <span class='ocrx_word' id='word_1_260' title='bbox 1987 2699 2115 2745; x_wconf 81' lang='lat' dir='ltr'><strong>liquet,</strong></span> <span class='ocrx_word' id='word_1_261' title='bbox 2140 2701 2342 2748; x_wconf 76' lang='lat' dir='ltr'><strong>privattme</strong></span> 
     </span>
    </p>
   </div>
   <div class='ocr_carea' id='block_1_4' title="bbox 285 2776 2350 3042">
    <p class='ocr_par' dir='ltr' id='par_1_4' title="bbox 286 2776 738 2826">
     <span class='ocr_line' id='line_1_28' title="bbox 286 2776 738 2826; baseline 0 -12"><span class='ocrx_word' id='word_1_262' title='bbox 286 2785 335 2814; x_wconf 75' lang='lat' dir='ltr'><strong>an</strong></span> <span class='ocrx_word' id='word_1_263' title='bbox 360 2776 508 2826; x_wconf 81' lang='lat' dir='ltr'><strong>publice</strong></span> <span class='ocrx_word' id='word_1_264' title='bbox 532 2777 621 2815; x_wconf 84' lang='lat' dir='ltr'><strong>eniti</strong></span> <span class='ocrx_word' id='word_1_265' title='bbox 648 2777 738 2814; x_wconf 81' lang='lat' dir='ltr'><strong>sint.</strong></span> 
     </span>
    </p>

    <p class='ocr_par' dir='ltr' id='par_1_5' title="bbox 285 2845 2350 3042">
     <span class='ocr_line' id='line_1_29' title="bbox 385 2845 2347 2897; baseline 0 -11"><span class='ocrx_word' id='word_1_266' title='bbox 385 2846 459 2897; x_wconf 69' lang='lat'><strong>2⁶)</strong></span> <span class='ocrx_word' id='word_1_267' title='bbox 485 2848 646 2886; x_wconf 77' lang='lat' dir='ltr'><strong>Pansan.</strong></span> <span class='ocrx_word' id='word_1_268' title='bbox 666 2848 695 2894; x_wconf 88' lang='lat'><strong>1,</strong></span> <span class='ocrx_word' id='word_1_269' title='bbox 720 2849 782 2894; x_wconf 80' lang='lat'><strong>32,</strong></span> <span class='ocrx_word' id='word_1_270' title='bbox 809 2850 845 2885; x_wconf 83' lang='grc'><strong>7.</strong></span> <span class='ocrx_word' id='word_1_271' title='bbox 871 2868 922 2875; x_wconf 92' lang='grc'>-</span> <span class='ocrx_word' id='word_1_272' title='bbox 956 2848 1071 2885; x_wconf 80' lang='lat' dir='ltr'><strong>Panis</strong></span> <span class='ocrx_word' id='word_1_273' title='bbox 1104 2847 1300 2894; x_wconf 77' lang='lat' dir='ltr'><strong>tempium,</strong></span> <span class='ocrx_word' id='word_1_274' title='bbox 1340 2846 1539 2892; x_wconf 83' lang='grc' dir='ltr'><strong><em>Πανεῖον,</em></strong></span> <span class='ocrx_word' id='word_1_275' title='bbox 1575 2848 1613 2885; x_wconf 86' lang='lat' dir='ltr'><strong>in</strong></span> <span class='ocrx_word' id='word_1_276' title='bbox 1645 2854 1746 2894; x_wconf 78' lang='lat' dir='ltr'><strong>pago</strong></span> <span class='ocrx_word' id='word_1_277' title='bbox 1780 2845 2030 2893; x_wconf 75' lang='lat' dir='ltr'><strong>Anaphlystio</strong></span> <span class='ocrx_word' id='word_1_278' title='bbox 2064 2845 2203 2885; x_wconf 76' lang='lat' dir='ltr'><strong>Strabo</strong></span> <span class='ocrx_word' id='word_1_279' title='bbox 2242 2857 2347 2886; x_wconf 88' lang='lat' dir='ltr'><strong>com·</strong></span> 
     </span>
     <span class='ocr_line' id='line_1_30' title="bbox 285 2919 2347 2969; baseline -0 -10"><span class='ocrx_word' id='word_1_280' title='bbox 285 2922 468 2960; x_wconf 82' lang='lat' dir='ltr'><strong>memorat</strong></span> <span class='ocrx_word' id='word_1_281' title='bbox 501 2921 566 2966; x_wconf 82' lang='lat' dir='ltr'><strong>lx,</strong></span> <span class='ocrx_word' id='word_1_282' title='bbox 600 2921 616 2958; x_wconf 93' lang='lat'>1</span> <span class='ocrx_word' id='word_1_283' title='bbox 641 2930 679 2969; x_wconf 84' lang='lat' dir='ltr'><strong>p.</strong></span> <span class='ocrx_word' id='word_1_284' title='bbox 694 2921 782 2960; x_wconf 75' lang='lat'><strong>3⁹8.</strong></span> <span class='ocrx_word' id='word_1_285' title='bbox 817 2922 856 2959; x_wconf 83' lang='lat' dir='ltr'><strong>et</strong></span> <span class='ocrx_word' id='word_1_286' title='bbox 888 2922 926 2958; x_wconf 86' lang='lat' dir='ltr'><strong>in</strong></span> <span class='ocrx_word' id='word_1_287' title='bbox 957 2920 1148 2959; x_wconf 77' lang='lat' dir='ltr'><strong>Salamine</strong></span> <span class='ocrx_word' id='word_1_288' title='bbox 1180 2919 1303 2957; x_wconf 80' lang='lat' dir='ltr'><strong>insula</strong></span> <span class='ocrx_word' id='word_1_289' title='bbox 1339 2919 1436 2956; x_wconf 84' lang='lat' dir='ltr'><strong>bunc</strong></span> <span class='ocrx_word' id='word_1_290' title='bbox 1470 2919 1578 2956; x_wconf 82' lang='lat' dir='ltr'><strong>deum</strong></span> <span class='ocrx_word' id='word_1_291' title='bbox 1612 2919 1750 2957; x_wconf 82' lang='lat' dir='ltr'><strong>cultum</strong></span> <span class='ocrx_word' id='word_1_292' title='bbox 1774 2927 1864 2956; x_wconf 86' lang='lat' dir='ltr'><strong>esse</strong></span> <span class='ocrx_word' id='word_1_293' title='bbox 1891 2928 1913 2956; x_wconf 91' lang='lat' dir='ltr'><strong>e</strong></span> <span class='ocrx_word' id='word_1_294' title='bbox 1942 2919 2134 2956; x_wconf 73' lang='lat' dir='ltr'><strong>Pausania</strong></span> <span class='ocrx_word' id='word_1_295' title='bbox 2161 2919 2190 2965; x_wconf 89' lang='lat'><strong>1,</strong></span> <span class='ocrx_word' id='word_1_296' title='bbox 2215 2920 2279 2965; x_wconf 73' lang='lat'><strong>3⁶,</strong></span> <span class='ocrx_word' id='word_1_297' title='bbox 2310 2922 2347 2968; x_wconf 81' lang='lat'><strong>2,</strong></span> 
     </span>
     <span class='ocr_line' id='line_1_31' title="bbox 285 2983 2350 3042; baseline -0 -9"><span class='ocrx_word' id='word_1_298' title='bbox 285 2995 540 3041; x_wconf 74' lang='lat' dir='ltr'><strong>cognoscitur,</strong></span> <span class='ocrx_word' id='word_1_299' title='bbox 567 3003 638 3040; x_wconf 84' lang='lat' dir='ltr'><strong>qno</strong></span> <span class='ocrx_word' id='word_1_300' title='bbox 663 2995 827 3042; x_wconf 81' lang='lat' dir='ltr'><strong>pertinet</strong></span> <span class='ocrx_word' id='word_1_301' title='bbox 845 2995 972 3039; x_wconf 79' lang='lat' dir='ltr'><strong>etiam,</strong></span> <span class='ocrx_word' id='word_1_302' title='bbox 1002 2993 1098 3039; x_wconf 76' lang='lat' dir='ltr'><strong>qnod</strong></span> <span class='ocrx_word' id='word_1_303' title='bbox 1117 2991 1341 3038; x_wconf 82' lang='lat' dir='ltr'><strong>Aeschylus,</strong></span> <span class='ocrx_word' id='word_1_304' title='bbox 1367 2991 1475 3030; x_wconf 85' lang='lat' dir='ltr'><strong>Pers.</strong></span> <span class='ocrx_word' id='word_1_305' title='bbox 1494 3000 1530 3029; x_wconf 87' lang='lat' dir='ltr'><strong>v.</strong></span> <span class='ocrx_word' id='word_1_306' title='bbox 1547 2992 1634 3038; x_wconf 75' lang='lat'><strong>445,</strong></span> <span class='ocrx_word' id='word_1_307' title='bbox 1662 3000 1746 3029; x_wconf 88' lang='lat' dir='ltr'><strong>eum</strong></span> <span class='ocrx_word' id='word_1_308' title='bbox 1766 2993 1804 3029; x_wconf 91' lang='lat' dir='ltr'><strong>in</strong></span> <span class='ocrx_word' id='word_1_309' title='bbox 1824 2992 2033 3040; x_wconf 77' lang='lat' dir='ltr'><strong>propinqua</strong></span> <span class='ocrx_word' id='word_1_310' title='bbox 2051 2991 2248 3039; x_wconf 77' lang='lat' dir='ltr'><strong>Psyttalea</strong></span> <span class='ocrx_word' id='word_1_311' title='bbox 2263 2983 2350 3033; x_wconf 81' lang='lat' dir='ltr'><strong>ver&#39;-</strong></span> 
     </span>
    </p>
   </div>
   <div class='ocr_carea' id='block_1_5' title="bbox 285 3067 2068 3181">
    <p class='ocr_par' dir='ltr' id='par_1_6' title="bbox 285 3067 2068 3181">
     <span class='ocr_line' id='line_1_32' title="bbox 285 3067 612 3107; baseline -0.009 0"><span class='ocrx_word' id='word_1_312' title='bbox 285 3068 432 3107; x_wconf 66' lang='lat' dir='ltr'><strong>antem</strong></span> <span class='ocrx_word' id='word_1_313' title='bbox 457 3067 612 3105; x_wconf 79' lang='lat' dir='ltr'><strong>inducit.</strong></span> 
     </span>
     <span class='ocr_line' id='line_1_33' title="bbox 2045 3151 2068 3181; baseline 0 0"><span class='ocrx_word' id='word_1_314' title='bbox 2045 3151 2068 3181; x_wconf 79' lang='lat'><strong>3</strong></span> 
     </span>
    </p>
   </div>
  </div>
 </body>
</html>
