2714 3621
333 363 526 423 poetam
562 354 672 405 fieri
708 354 948 418 videmus,
986 372 1147 422 neque
1180 355 1501 423 improbabile
1528 364 1619 418 est,
1664 358 1877 408 omnium
1924 357 2129 423 primam
2174 357 2283 409 eius
2317 373 2397 406 an-

331 447 532 497 tistitum
567 445 697 495 illam
715 445 869 511 ipsam
889 445 1067 496 Ninum
1095 446 1269 509 fuisse,
1305 446 1355 497 id
1391 446 1523 513 quod
1542 446 1687 497 etiam
1706 447 2053 497 Demosthenis
2086 447 2394 507 scholiastes,

331 537 373 587 is
410 554 555 602 quem
591 522 736 601 vulgo
764 537 1031 602 Ulpianum
1068 536 1294 599 dicimus,
1338 537 1586 587 affirmare
1627 536 1838 587 videtur.
1909 539 2215 604 Quamquam
2246 537 2393 587 huius

330 627 670 679 auctoritatem
699 647 794 679 non
830 629 950 678 satis
983 646 1182 695 gravem
1223 646 1338 678 esse
1380 628 1630 680 fatendum
1671 638 1775 678 est:
1821 647 2067 696 quumque
2111 629 2240 680 illam
2278 647 2393 690 non,

329 719 739 786 quemadmodum
778 721 904 769 alter
932 720 1241 782 scholiastes,
1276 728 1481 786 propter
1509 720 1747 769 veneficia
1793 720 2063 769 damnatam
2107 720 2254 782 dicat,
2300 720 2388 768 sed

329 809 458 875 quod
510 825 652 870 sacra
691 811 784 859 ista
827 811 888 859 ad
940 809 1281 858 contumeliam
1317 818 1368 858 et
1399 808 1677 861 irrisionem
1708 817 1989 859 sanctorum
2025 810 2390 875 mysteriorum,

327 898 377 949 h.
394 914 440 948 e.
458 897 845 962 Eleusinioi-um,
874 907 1102 965 spectare
1132 898 1433 961 viderentur,
1469 906 1644 965 postea
1672 907 1835 950 autem
1855 898 2182 950 Athenienses
2202 899 2388 953 oraculi

328 987 516 1039 monitu
536 1005 677 1039 sacra
710 988 791 1039 illa
820 1006 993 1040 rursus
1028 987 1139 1038 lieri
1171 1004 1346 1054 passos
1382 1005 1513 1051 esse,
1545 995 1596 1039 et
1613 988 1956 1040 Glaucotheae
1993 997 2045 1039 ut
2075 987 2294 1040 homines
2328 988 2390 1039 iis

328 1077 543 1128 initiaret
578 1079 891 1144 permisisse,
923 1077 1134 1128 dubitari
1167 1078 1250 1128 vix
1286 1087 1467 1145 potest,
1512 1078 1628 1145 quin
1668 1097 1806 1128 suam
1843 1079 2007 1146 potius
2044 1079 2388 1141 coniecturam,

328 1186 470 1236 quam
513 1177 739 1221 testatam
792 1187 957 1220 rerum
1005 1178 1253 1237 gestarum
1307 1169 1590 1220 memoriam
1646 1170 1837 1236 prodat.
1918 1171 2151 1222 Ceterum
2200 1171 2385 1221 etiamsi

328 1277 523 1311 causam
561 1262 884 1311 damnationis
915 1277 1079 1312 veram
1112 1277 1226 1310 esse
1261 1267 1548 1322 statuamus,
1580 1270 1787 1328 apparet
1817 1263 1893 1311 vel
1937 1261 2011 1312 sic
2046 1278 2141 1312 non
2186 1271 2387 1328 propter

329 1353 725 1419 peregrinitatem
764 1352 990 1415 numinis,
1026 1352 1116 1403 sed
1151 1360 1358 1418 propter
1390 1351 1807 1402 sanctissimarum
1845 1352 2136 1418 religionum
2173 1352 2385 1405 violatio·

329 1460 438 1495 nem
471 1459 676 1510 poenam
724 1442 769 1493 ei
813 1442 1046 1494 inflictam
1079 1459 1210 1505 esse,
1247 1442 1390 1509 plane
1424 1452 1478 1493 ut
1507 1442 1588 1493 isti
1623 1451 1973 1510 metragyrtae,
2009 1443 2074 1495 de
2109 1461 2207 1510 quo
2239 1460 2410 1510 supra

328 1534 511 1584 dictum
554 1542 645 1584 est.
720 1533 909 1599 Legem
953 1550 1069 1583 vero
1110 1534 1174 1584 de
1217 1532 1460 1583 eiiciendo
1506 1533 1713 1584 Sabazio
1767 1533 1975 1600 eiusque
2009 1534 2166 1585 sacris
2209 1535 2386 1587 nullam

328 1627 470 1676 latam
519 1641 647 1685 esse,
692 1640 789 1673 non
831 1623 1075 1675 immerito
1116 1623 1397 1674 Lobeckius
1435 1640 1485 1689 p.
1503 1623 1601 1674 668
1639 1623 1785 1674 etiam
1823 1641 1853 1675 e
1897 1624 2156 1676 Ciceronis
2193 1624 2386 1676 silentio

327 1723 693 1782 argumentatus
730 1723 822 1776 est,
858 1714 941 1779 qui
970 1732 1119 1780 quum
1154 1713 1316 1763 arceri
1347 1730 1502 1782 novos
1536 1714 1658 1763 deos
1686 1714 1869 1776 iubeat,
1916 1714 2065 1780 idque
2095 1714 2242 1766 etiam
2278 1715 2385 1765 aliis

328 1807 483 1857 visum
520 1822 633 1856 esse
668 1805 998 1868 demonstret,
1034 1804 1098 1854 de
1128 1803 1337 1856 Sabazio
1363 1810 1542 1855 ‘tamen
1587 1804 1761 1855 nullam
1798 1804 2173 1857 Atheniensium
2208 1806 2385 1873 legem,

325 1899 414 1948 sed
446 1896 791 1963 Aristophanis
819 1903 1003 1946 tantum
1033 1895 1372 1946 auctoritatem
1403 1893 1562 1956 affert,
1597 1894 1727 1961 apud
1761 1911 1906 1960 quem
1933 1895 2168 1947 Sabazius
2199 1904 2252 1946 et
2280 1896 2382 1961 qui-

326 1989 435 2039 dam
471 1986 550 2038 alii
584 1986 652 2037 dii
680 1984 928 2053 peregrini
957 1983 1159 2035 iudicati
1198 1999 1229 2035 e
1263 1983 1459 2035 civitate
1503 1983 1769 2036 eiiciantur.
1838 1984 2033 2051 „Quis
2079 1985 2385 2047 dubitat‚“

325 2078 482 2145 inquit
526 2076 713 2144 „quin
748 2075 974 2127 Cicero
1016 2074 1072 2125 in
1111 2074 1293 2142 Legg.
1313 2074 1390 2137 11,
1433 2075 1516 2137 15,
1547 2090 1662 2141 quo
1700 2076 1834 2126 loco
1865 2090 2051 2127 novos
2086 2075 2233 2127 deos
2269 2076 2381 2127 eii·

326 2168 582 2220 ciendos
641 2174 699 2218 et
743 2183 932 2232 saepe
987 2165 1231 2216 eiectos
1281 2182 1420 2215 esse
1472 2173 1693 2228 monet,
1740 2165 1789 2215 si
1838 2164 2145 2216 eiusmodi
2190 2168 2379 2234 legem

325 2258 631 2327 cognitam
667 2255 1018 2318 habuisset,
1053 2255 1202 2305 hanc
1237 2254 1441 2322 potius
1482 2272 1648 2322 quam
1686 2255 2134 2323 Aristophanis
2165 2257 2239 2308 de
2275 2259 2378 2308 Sa—

323 2351 498 2400 bazio
535 2348 802 2400 edictum
840 2346 1141 2398 ludicrum
1175 2354 1756 2399 commemoraturus
1793 2347 2067 2397 fuerit?“

542 2441 629 2493 Sic
671 2439 819 2505 igitur
862 2438 982 2490 satis
1029 2437 1243 2505 undique
1289 2438 1544 2504 probatum
1586 2437 1814 2500 arbitror,
1853 2439 2010 2504 legem
2053 2439 2199 2501 illam,
2236 2456 2378 2506 quam

321 2532 575 2599 Josephus
618 2531 773 2579 fuisse
810 2528 1048 2590 credidit,
1091 2527 1213 2594 ipsis
1266 2527 1652 2577 Atheniensibus
1692 2528 1953 2595 inauditam
2010 2528 2181 2578 fuisse.
2259 2529 2382 2577 Nam

323 2624 453 2690 quod
498 2638 646 2672 unum
684 2623 894 2670 fortasse
942 2619 1114 2684 aliquis
1161 2618 1468 2683 opponat¹⁸)‚
1514 2619 1707 2666 Socrati
1754 2620 1812 2666 ab
1858 2620 2154 2668 adversariis
2192 2621 2382 2669 crimini

424 2758 498 2808 ts)
523 2758 628 2805 Quod
662 2757 819 2797 Servius
850 2756 923 2802 alt,
952 2755 1004 2796 ad
1030 2753 1368 2801 Ver3.Aen.V111‚
1397 2755 1491 2795 ¹87:
1550 2754 1742 2795 Cautum
1779 2756 1940 2794 tuerat
1973 2758 2092 2805 apud
2119 2759 2383 2799 Athenien-

321 2842 425 2880 ses,
451 2842 505 2872 ne
528 2831 632 2880 qus
657 2838 805 2870 novas
829 2828 1168 2872 introduceret
1194 2828 1488 2875 religiones:
1516 2828 1637 2869 sude
1661 2829 1709 2869 et
1732 2828 1971 2869 Socrates
2002 2831 2257 2871 damnatus
2282 2837 2378 2872 est·

321 2916 394 2946 non
422 2907 482 2945 est
507 2903 723 2950 vere-dm,
750 2911 798 2944 ne
823 2904 907 2950 auls
935 2903 1034 2942 huuc
1060 2903 1195 2942 testem
1222 2902 1443 2950 locupletem
1471 2911 1562 2942 esse
1586 2902 1728 2941 eredat.
