2714 3621
1297 96 1514 176 ¹¹5„-
1539 171 1565 174 --

320 279 402 329 dei
442 277 640 329 numine
690 293 747 327 se
766 280 769 283 ’
786 275 980 326 adiutos
1022 277 1162 340 esse,
1216 292 1423 344 eamque
1466 278 1529 327 ob
1566 281 1761 327 causam
1807 276 2027 343 publicos
2070 278 2116 328 ei
2153 278 2368 329 hou'ore's

317 369 488 421 deberi
521 368 808 420 iudicarent.
1203 371 1207 374 ’
2296 374 2302 378 ’

535 457 641 509 Sed
668 460 746 507 ‘ne
791 456 902 507 illos
939 457 1137 524 quidem
1183 456 1332 520 deos,
1368 466 1518 524 qnos,
1563 456 1677 524 quia
1712 457 1871 508 cultus
1915 475 2084 509 eorum
2126 456 2369 525 antiquior

315 550 432 614 fuit,
467 549 603 617 ipsos
644 563 843 616 quoque
884 548 1113 616 antiquos
1157 548 1329 600 dicere
1352 547 1492 612 licet,
1538 563 1707 600 omnes
1740 547 1835 600 iam
1870 549 1931 600 ab
1965 548 2132 601 ultima
2165 545 2367 616 antiqui-

316 646 415 692 tate
444 638 715 707 primisque
757 638 835 690 rei
869 638 1097 706 publicae
1136 637 1288 690 initiis
1323 638 1481 690 cultos
1522 653 1635 690 esse
1681 636 1805 690 adeo
1843 638 2150 691 manifestum
2181 645 2282 702 est,
2316 645 2370 690 ut

315 728 526 781 dubitari
562 745 592 779 a
632 729 767 780 nullo
809 727 984 795 possit.
1059 727 1410 790 Paucioribus,
1463 743 1586 793 quos
1637 727 1864 795 indignae
1908 727 2060 780 Attici
2098 730 2368 792 coluerunt,

315 807 636 873 accesserunt
675 838 791 872 mox
838 819 919 870 alii
962 821 1022 869 ab
1055 817 1256 870 advenis
1292 816 1449 868 allati=
1482 816 1738 885 Dionysus
1776 835 1806 868 e
1839 818 2050 871 Boeotia
2075 819 2285 887 primum
2319 821 2369 872 in

315 912 503 963 vicinos
547 910 746 962 Atticae
780 927 932 978 pagos
978 910 1239 960 translatus
1281 906 1580 974 paganisque
1629 907 1787 959 sacris
1829 908 2015 973 cultus,
2057 909 2215 964 donec
2255 928 2370 963 mox

316 1004 464 1052 etiam
502 1003 553 1051 in
604 1003 777 1051 urbem
818 1006 1050 1067 receptus
1093 998 1401 1066 publicisque
1445 998 1715 1048 honoribus
1759 998 1966 1048 affectus
2020 1008 2123 1051 este
2174 1003 2368 1069 Apollo,

313 1096 359 1144 is
399 1110 544 1162 quem
593 1092 777 1160 Delphi
829 1097 880 1140 et
924 1090 1198 1139 Dorienses
1235 1090 1517 1152 coluerunt,
1568 1089 1778 1138 Athenis
1828 1103 1926 1138 non
1954 1098 2067 1138 ante
2110 1091 2368 1158 adoptatus

318 1192 419 1249 est,
460 1198 602 1252 quam
640 1181 818 1250 priscis
849 1179 1025 1232 Atticis
1063 1179 1201 1230 multi
1235 1179 1528 1231 Hellenicae
1573 1177 1742 1245 stirpis
1785 1179 2029 1244 advenae,
2068 1197 2190 1247 quos
2224 1181 2368 1250 vulgo

316 1290 575 1345 perperam
594 1274 743 1325 Iones
770 1272 956 1331 dicunt,
992 1270 1198 1323 admixti
1226 1278 1416 1323 essent=
1447 1268 1650 1322 Cereris
1682 1275 1734 1320 et
1748 1267 2082 1338 Proserpinae
2108 1271 2246 1323 initia
2271 1280 2368 1324 aaa

318 1374 454 1430 ante,
500 1380 642 1432 qnam
671 1361 917 1415 Eleusinii
961 1379 1071 1413 cum
1105 1361 1492 1413 Atheniensibus
1534 1360 1587 1412 in
1615 1359 1763 1412 unius
1791 1360 1869 1412 rei
1895 1361 2120 1428 publicae
2155 1380 2370 1416 commu-

314 1460 514 1511 nitatem
558 1453 749 1521 accepti
793 1459 977 1503 essent.
1052 1451 1156 1503 Sed
1202 1452 1326 1504 11888
1363 1452 1553 1519 aliaque
1593 1450 1852 1515 eiusmodi,
1905 1470 2111 1520 quorum
2158 1455 2369 1506 obscura

313 1550 493 1603 indicia
525 1565 590 1598 ex
621 1545 844 1596 fabulosa
873 1543 1081 1594 historia
1117 1544 1337 1595 eruenda
1370 1551 1500 1607 sunt,
1529 1544 1624 1595 hoc
1652 1543 1847 1610 quidem
1883 1544 1932 1594 in
1973 1544 2253 1597 universnm
2284 1548 2368 1599 de-

314 1644 608 1702 monstrant,
649 1635 841 1705 priscas
875 1634 1140 1702 religiones
1185 1635 1432 1703 paullatim
1467 1634 1608 1687 novis
1637 1642 1688 1686 et
1721 1634 2006 1687 adventiciis
2039 1643 2207 1689 auctas
2238 1653 2367 1702 esse,

315 1734 378 1784 de
414 1728 619 1797 singulis
663 1734 826 1778 autem
864 1725 909 1775 si
950 1726 1232 1791 quaeritur,
1277 1725 1471 1792 qnando
1514 1733 1567 1776 et
1601 1742 1633 1776 a
1670 1726 1848 1792 quibus
1889 1726 2112 1777 invectae
2152 1727 2275 1790 sint,
2316 1737 2369 1779 et

315 1841 412 1893 quo
446 1819 593 1873 modo
628 1825 887 1885 tantopere
920 1815 1231 1880 invaluerint,
1273 1824 1329 1866 ut
1355 1832 1453 1866 non
1481 1815 1576 1866 iam
1612 1832 1643 1866 a
1667 1815 2006 1884 paucioribus,
2049 1817 2182 1868 velut
2214 1819 2367 1886 genti—

314 1918 424 1978 bus,
459 1910 598 1980 pagis
634 1909 805 1961 aliisve
838 1905 1010 1977 populi
1031 1907 1270 1974 partibus,
1298 1907 1393 1957 sed
1418 1908 1478 1957 ab
1513 1906 1744 1958 universo
1761 1907 1944 1974 populo
1972 1907 2179 1974 publicis
2212 1909 2367 1961 sacris

314 2006 551 2071 festisque
586 2001 894 2060 colerentur,
937 2006 1025 2050 aut
1066 2014 1181 2049 raro
1220 2007 1305 2049 aut
1347 2014 1591 2065 nunquam
1608 1998 1757 2059 {ultra
1809 1998 2118 2050 coniecturas
2154 2002 2366 2053 lubricas

314 2108 460 2166 atque
492 2095 705 2146 incertas
730 2088 935 2157 procedi
969 2097 1150 2156 potest.

532 2182 754 2249 Longius
795 2198 902 2231 rem
945 2180 1180 2248 persequi
1230 2196 1323 2229 nec
1368 2181 1486 2231 libet
1518 2181 1615 2232 hoc
1657 2188 1882 2249 tempore
1922 2197 2015 2232 nec
2059 2182 2199 2234 licet:
2245 2184 2364 2236 illud

312 2278 478 2347 potius
521 2272 762 2341 agendum
792 2279 885 2336 est,
920 2271 1063 2323 cuius
1092 2287 1242 2323 causa
1274 2272 1399 2322 haec
1432 2271 1744 2339 prolusimus.

534 2362 805 2415 lndicimus
846 2361 996 2428 igitur
1040 2361 1194 2428 Regis
1234 2361 1585 2427 Angustissimi
1626 2361 1850 2413 natalicia
1890 2363 1972 2414 die
2014 2363 2214 2415 crastini
2255 2366 2364 2417 hor.

313 2457 416 2512 ΧΠ
443 2455 508 2508 in'·
537 2452 782 2505 auditorio
828 2451 1039 2503 maximo
1083 2452 1144 2502 ab
1179 2450 1498 2504 universitate
1529 2458 1697 2503 nostra
1730 2452 2038 2517 celebranda,
2080 2471 2366 2523 omnesque,

311 2550 592 2617 quicunque
621 2546 772 2595 rebus
805 2542 986 2594 nostris
1021 2543 1202 2605 favent,
1238 2543 1548 2608 magistratus
1586 2543 1750 2610 regios
1796 2551 1846 2593 et
1873 2544 2088 2606 urbicos,
2131 2545 2366 2597 militares

311 2649 364 2692 et
404 2638 590 2699 civiles,
634 2651 902 2701 omnesque
939 2632 1152 2684 omnium
1196 2631 1422 2683 ordinum
1471 2632 1604 2683 cives
1656 2640 1803 2700 atque
1845 2633 2067 2700 hospites
2111 2642 2167 2686 ut
2203 2638 2366 2689 coetui

310 2739 482 2782 nostro
532 2729 819 2795 frequentes
873 2725 1051 2775 adesse
1102 2723 1253 2775 velint
1304 2740 1400 2789 qua
1451 2724 1596 2773 decet
1642 2725 1949 2775 observantia
1995 2732 2047 2774 et
2087 2728 2366 2779 reverentia

308 2827 321 2839 ·
389 2824 403 2837 ⁶
506 2837 583 2872 us.

306 2831 503 2876 mmmm
530 2912 781 2965 Dabanas
817 2907 1250 2978 Gryphiswaldiae
1284 2907 1332 2957 d.
1357 2906 1478 2957 XIV
1513 2924 1577 2957 m.
1604 2878 1844 2959 Octobris*
1871 2886 2275 2960 MDcccm'll.

2276 48 2337 88 ’4⁸⁷¹‘
2384 44 2463 104 'kM-x
