<?xml version="1.0" encoding="UTF-8"?>
<!DOCTYPE html PUBLIC "-//W3C//DTD XHTML 1.0 Transitional//EN"
    "http://www.w3.org/TR/xhtml1/DTD/xhtml1-transitional.dtd">
<html xmlns="http://www.w3.org/1999/xhtml" xml:lang="en" lang="en">
 <head>
  <title>
</title>
<meta http-equiv="Content-Type" content="text/html;charset=utf-8" />
  <meta name='ocr-system' content='tesseract 3.04.00' />
  <meta name='ocr-capabilities' content='ocr_page ocr_carea ocr_par ocr_line ocrx_word'/>
</head>
<body>
  <div class='ocr_page' id='page_1' title='image "4769585_0010.png"; bbox 0 0 2714 3621; ppageno 0'>
   <div class='ocr_carea' id='block_1_1' title="bbox 1310 179 1362 234">
    <p class='ocr_par' dir='ltr' id='par_1_1' title="bbox 1310 179 1362 234">
     <span class='ocr_line' id='line_1_1' title="bbox 1310 179 1362 234; baseline 0 0"><span class='ocrx_word' id='word_1_1' title='bbox 1310 179 1362 234; x_wconf 79' lang='lat'>4</span> 
     </span>
    </p>
   </div>
   <div class='ocr_carea' id='block_1_2' title="bbox 258 348 2365 2957">
    <p class='ocr_par' dir='ltr' id='par_1_2' title="bbox 258 348 2365 2957">
     <span class='ocr_line' id='line_1_2' title="bbox 306 348 2359 427; baseline -0.001 -20"><span class='ocrx_word' id='word_1_2' title='bbox 306 357 616 423; x_wconf 88' lang='lat' dir='ltr'><strong>constitutis,</strong></span> <span class='ocrx_word' id='word_1_3' title='bbox 661 360 1071 427; x_wconf 83' lang='lat' dir='ltr'><strong>quemadmodum</strong></span> <span class='ocrx_word' id='word_1_4' title='bbox 1114 360 1222 427; x_wconf 89' lang='lat' dir='ltr'><strong>ipse</strong></span> <span class='ocrx_word' id='word_1_5' title='bbox 1270 360 1543 427; x_wconf 66' lang='lat' dir='ltr'><strong>praecipita</strong></span> <span class='ocrx_word' id='word_1_6' title='bbox 1577 358 1699 410; x_wconf 56' lang='grc' dir='ltr'><strong><em>θύειν</em></strong></span> <span class='ocrx_word' id='word_1_7' title='bbox 1729 357 1769 401; x_wconf 81' lang='grc' dir='ltr'><strong>δ’</strong></span> <span class='ocrx_word' id='word_1_8' title='bbox 1807 352 1913 400; x_wconf 71' lang='grc' dir='ltr'><strong>ὅταν</strong></span> <span class='ocrx_word' id='word_1_9' title='bbox 1949 354 2012 398; x_wconf 69' lang='grc' dir='ltr'><strong>ἐπὶ</strong></span> <span class='ocrx_word' id='word_1_10' title='bbox 2044 354 2149 398; x_wconf 73' lang='grc' dir='ltr'><strong><em>νοῦν</em></strong></span> <span class='ocrx_word' id='word_1_11' title='bbox 2191 348 2231 408; x_wconf 72' lang='grc' dir='ltr'><strong>ἴε]</strong></span> <span class='ocrx_word' id='word_1_12' title='bbox 2267 352 2359 404; x_wconf 76' lang='lat' dir='ltr'><strong>mi,</strong></span> 
     </span>
     <span class='ocr_line' id='line_1_3' title="bbox 306 446 2359 512; baseline -0.003 -15"><span class='ocrx_word' id='word_1_13' title='bbox 306 451 410 511; x_wconf 66' lang='grc' dir='ltr'><strong>πρὸς</strong></span> <span class='ocrx_word' id='word_1_14' title='bbox 437 451 490 497; x_wconf 71' lang='grc' dir='ltr'><strong>τὰ</strong></span> <span class='ocrx_word' id='word_1_15' title='bbox 521 454 708 512; x_wconf 79' lang='grc' dir='ltr'><strong><em>δημόσια</em></strong></span> <span class='ocrx_word' id='word_1_16' title='bbox 738 452 808 500; x_wconf 67' lang='grc' dir='ltr'><strong>ἴτω</strong></span> <span class='ocrx_word' id='word_1_17' title='bbox 835 454 1003 510; x_wconf 56' lang='grc' dir='ltr'>θύσων,</span> <span class='ocrx_word' id='word_1_18' title='bbox 1036 452 1112 499; x_wconf 75' lang='grc' dir='ltr'><strong>καὶ</strong></span> <span class='ocrx_word' id='word_1_19' title='bbox 1140 458 1224 504; x_wconf 66' lang='grc' dir='ltr'><strong>τοῖς</strong></span> <span class='ocrx_word' id='word_1_20' title='bbox 1259 453 1416 511; x_wconf 76' lang='grc' dir='ltr'><strong><em>ἱερεῦσί</em></strong></span> <span class='ocrx_word' id='word_1_21' title='bbox 1442 470 1482 497; x_wconf 65' lang='grc' dir='ltr'><strong>τε</strong></span> <span class='ocrx_word' id='word_1_22' title='bbox 1510 452 1585 498; x_wconf 74' lang='grc' dir='ltr'><strong>καὶ</strong></span> <span class='ocrx_word' id='word_1_23' title='bbox 1614 451 1776 509; x_wconf 74' lang='grc' dir='ltr'><strong><em>ἱερείαις</em></strong></span> <span class='ocrx_word' id='word_1_24' title='bbox 1804 452 2064 508; x_wconf 72' lang='grc' dir='ltr'><strong>ἐγχειριζέτω</strong></span> <span class='ocrx_word' id='word_1_25' title='bbox 2093 446 2145 492; x_wconf 72' lang='grc' dir='ltr'><strong>τὰ</strong></span> <span class='ocrx_word' id='word_1_26' title='bbox 2166 447 2359 505; x_wconf 57' lang='grc' dir='ltr'>θύματα,</span> 
     </span>
     <span class='ocr_line' id='line_1_4' title="bbox 258 527 2360 604; baseline -0.003 -16"><span class='ocrx_word' id='word_1_27' title='bbox 258 527 260 529; x_wconf 5' lang='lat' dir='ltr'><strong>i</strong></span> <span class='ocrx_word' id='word_1_28' title='bbox 309 530 372 588; x_wconf 69' lang='grc' dir='ltr'><strong>οἷς</strong></span> <span class='ocrx_word' id='word_1_29' title='bbox 395 535 552 594; x_wconf 75' lang='grc' dir='ltr'><strong><em>ἁγνεία</em></strong></span> <span class='ocrx_word' id='word_1_30' title='bbox 580 537 739 581; x_wconf 68' lang='grc' dir='ltr'><em>τούτων</em></span> <span class='ocrx_word' id='word_1_31' title='bbox 766 537 974 593; x_wconf 71' lang='grc' dir='ltr'><strong><em>ἐπιμελής·</em></strong></span> <span class='ocrx_word' id='word_1_32' title='bbox 1046 538 1107 587; x_wconf 90' lang='lat' dir='ltr'><strong>Id</strong></span> <span class='ocrx_word' id='word_1_33' title='bbox 1137 554 1282 604; x_wconf 88' lang='lat' dir='ltr'><strong>quam</strong></span> <span class='ocrx_word' id='word_1_34' title='bbox 1327 539 1390 587; x_wconf 93' lang='lat' dir='ltr'><strong>ob</strong></span> <span class='ocrx_word' id='word_1_35' title='bbox 1428 554 1626 588; x_wconf 90' lang='lat' dir='ltr'><strong>cansam</strong></span> <span class='ocrx_word' id='word_1_36' title='bbox 1661 534 1974 602; x_wconf 81' lang='lat' dir='ltr'><strong>praeceperit</strong></span> <span class='ocrx_word' id='word_1_37' title='bbox 2012 542 2210 600; x_wconf 87' lang='lat' dir='ltr'><strong>tamque</strong></span> <span class='ocrx_word' id='word_1_38' title='bbox 2255 531 2360 582; x_wconf 92' lang='lat' dir='ltr'><strong>dili-</strong></span> 
     </span>
     <span class='ocr_line' id='line_1_5' title="bbox 308 622 2358 694; baseline -0.002 -18"><span class='ocrx_word' id='word_1_39' title='bbox 308 634 483 693; x_wconf 79' lang='lat' dir='ltr'><strong>genter</strong></span> <span class='ocrx_word' id='word_1_40' title='bbox 516 642 705 677; x_wconf 92' lang='lat' dir='ltr'><strong>omnem</strong></span> <span class='ocrx_word' id='word_1_41' title='bbox 740 625 1042 694; x_wconf 80' lang='lat' dir='ltr'><strong>privatorum</strong></span> <span class='ocrx_word' id='word_1_42' title='bbox 1073 643 1329 677; x_wconf 89' lang='lat' dir='ltr'><strong>sacrorum</strong></span> <span class='ocrx_word' id='word_1_43' title='bbox 1363 644 1507 677; x_wconf 91' lang='lat' dir='ltr'><strong>usum</strong></span> <span class='ocrx_word' id='word_1_44' title='bbox 1540 625 1878 688; x_wconf 85' lang='lat' dir='ltr'><strong>interdixerit,</strong></span> <span class='ocrx_word' id='word_1_45' title='bbox 1907 642 1973 675; x_wconf 83' lang='lat' dir='ltr'><strong>ex</strong></span> <span class='ocrx_word' id='word_1_46' title='bbox 2004 623 2160 691; x_wconf 91' lang='lat' dir='ltr'><strong>ipsius</strong></span> <span class='ocrx_word' id='word_1_47' title='bbox 2195 622 2358 689; x_wconf 91' lang='lat' dir='ltr'><strong>dispu-</strong></span> 
     </span>
     <span class='ocr_line' id='line_1_6' title="bbox 310 715 2360 783; baseline -0.001 -18"><span class='ocrx_word' id='word_1_48' title='bbox 310 716 491 765; x_wconf 76' lang='lat' dir='ltr'><strong>tatione</strong></span> <span class='ocrx_word' id='word_1_49' title='bbox 526 716 758 782; x_wconf 81' lang='lat' dir='ltr'><strong>cognosci</strong></span> <span class='ocrx_word' id='word_1_50' title='bbox 790 724 970 782; x_wconf 86' lang='lat' dir='ltr'><strong>potest.</strong></span> <span class='ocrx_word' id='word_1_51' title='bbox 1032 717 1157 766; x_wconf 89' lang='lat' dir='ltr'><strong>Nam</strong></span> <span class='ocrx_word' id='word_1_52' title='bbox 1186 716 1410 765; x_wconf 85' lang='lat' dir='ltr'><strong>homines</strong></span> <span class='ocrx_word' id='word_1_53' title='bbox 1437 717 1711 783; x_wconf 89' lang='lat' dir='ltr'><strong>imperitos,</strong></span> <span class='ocrx_word' id='word_1_54' title='bbox 1735 716 2001 783; x_wconf 79' lang='lat' dir='ltr'><strong>praecipue</strong></span> <span class='ocrx_word' id='word_1_55' title='bbox 2033 715 2360 776; x_wconf 88' lang='lat' dir='ltr'><strong>mulierculas,</strong></span> 
     </span>
     <span class='ocr_line' id='line_1_7' title="bbox 309 806 2362 873; baseline -0 -18"><span class='ocrx_word' id='word_1_56' title='bbox 309 807 350 855; x_wconf 87' lang='lat' dir='ltr'><strong>si</strong></span> <span class='ocrx_word' id='word_1_57' title='bbox 382 807 574 871; x_wconf 88' lang='lat' dir='ltr'><strong>quando</strong></span> <span class='ocrx_word' id='word_1_58' title='bbox 610 815 695 857; x_wconf 90' lang='lat' dir='ltr'><strong>aut</strong></span> <span class='ocrx_word' id='word_1_59' title='bbox 730 808 911 857; x_wconf 86' lang='lat' dir='ltr'><strong>morbis</strong></span> <span class='ocrx_word' id='word_1_60' title='bbox 942 815 1026 856; x_wconf 91' lang='lat' dir='ltr'><strong>aut</strong></span> <span class='ocrx_word' id='word_1_61' title='bbox 1067 808 1304 873; x_wconf 85' lang='lat' dir='ltr'><strong>periculis</strong></span> <span class='ocrx_word' id='word_1_62' title='bbox 1346 814 1431 856; x_wconf 90' lang='lat' dir='ltr'><strong>aut</strong></span> <span class='ocrx_word' id='word_1_63' title='bbox 1472 808 1634 872; x_wconf 89' lang='lat' dir='ltr'><strong>aliquo</strong></span> <span class='ocrx_word' id='word_1_64' title='bbox 1669 808 1896 873; x_wconf 85' lang='lat' dir='ltr'><strong>graviore</strong></span> <span class='ocrx_word' id='word_1_65' title='bbox 1932 807 2057 855; x_wconf 91' lang='lat' dir='ltr'><strong>malo</strong></span> <span class='ocrx_word' id='word_1_66' title='bbox 2089 806 2362 872; x_wconf 89' lang='lat' dir='ltr'><strong>oppriman-</strong></span> 
     </span>
     <span class='ocr_line' id='line_1_8' title="bbox 308 896 2362 964; baseline -0.001 -18"><span class='ocrx_word' id='word_1_67' title='bbox 308 904 405 959; x_wconf 88' lang='lat' dir='ltr'><strong>tur,</strong></span> <span class='ocrx_word' id='word_1_68' title='bbox 440 904 524 946; x_wconf 89' lang='lat' dir='ltr'><strong>aut</strong></span> <span class='ocrx_word' id='word_1_69' title='bbox 557 896 760 948; x_wconf 89' lang='lat' dir='ltr'><strong>somniis</strong></span> <span class='ocrx_word' id='word_1_70' title='bbox 789 905 936 964; x_wconf 90' lang='lat' dir='ltr'><strong>atque</strong></span> <span class='ocrx_word' id='word_1_71' title='bbox 972 897 1177 947; x_wconf 88' lang='lat' dir='ltr'><strong>ostentis</strong></span> <span class='ocrx_word' id='word_1_72' title='bbox 1207 904 1515 959; x_wconf 79' lang='lat' dir='ltr'><strong>terreantur,</strong></span> <span class='ocrx_word' id='word_1_73' title='bbox 1551 896 1611 946; x_wconf 90' lang='lat' dir='ltr'><strong>ad</strong></span> <span class='ocrx_word' id='word_1_74' title='bbox 1651 897 1893 947; x_wconf 90' lang='lat' dir='ltr'><strong>eiusmodi</strong></span> <span class='ocrx_word' id='word_1_75' title='bbox 1921 913 2062 946; x_wconf 90' lang='lat' dir='ltr'><strong>sacra</strong></span> <span class='ocrx_word' id='word_1_76' title='bbox 2098 896 2362 962; x_wconf 79' lang='lat' dir='ltr'><strong>confugere</strong></span> 
     </span>
     <span class='ocr_line' id='line_1_9' title="bbox 307 986 2362 1055; baseline 0 -20"><span class='ocrx_word' id='word_1_77' title='bbox 307 987 498 1049; x_wconf 84' lang='lat' dir='ltr'><strong>solere,</strong></span> <span class='ocrx_word' id='word_1_78' title='bbox 537 987 716 1054; x_wconf 89' lang='lat' dir='ltr'><strong>quibus</strong></span> <span class='ocrx_word' id='word_1_79' title='bbox 753 987 1012 1055; x_wconf 88' lang='lat' dir='ltr'><strong>propitiari</strong></span> <span class='ocrx_word' id='word_1_80' title='bbox 1058 989 1180 1038; x_wconf 90' lang='lat' dir='ltr'><strong>deos</strong></span> <span class='ocrx_word' id='word_1_81' title='bbox 1218 1004 1365 1054; x_wconf 91' lang='lat' dir='ltr'><strong>posse</strong></span> <span class='ocrx_word' id='word_1_82' title='bbox 1413 986 1697 1053; x_wconf 88' lang='lat' dir='ltr'><strong>opinentur,</strong></span> <span class='ocrx_word' id='word_1_83' title='bbox 1753 1003 1847 1037; x_wconf 90' lang='lat' dir='ltr'><strong>nec</strong></span> <span class='ocrx_word' id='word_1_84' title='bbox 1891 988 2069 1037; x_wconf 87' lang='lat' dir='ltr'><strong>deesse</strong></span> <span class='ocrx_word' id='word_1_85' title='bbox 2113 987 2362 1053; x_wconf 88' lang='lat' dir='ltr'><strong>improbos</strong></span> 
     </span>
     <span class='ocr_line' id='line_1_10' title="bbox 307 1076 2363 1146; baseline -0 -19"><span class='ocrx_word' id='word_1_86' title='bbox 307 1078 544 1144; x_wconf 88' lang='lat' dir='ltr'><strong>quosdam</strong></span> <span class='ocrx_word' id='word_1_87' title='bbox 576 1087 723 1146; x_wconf 87' lang='lat' dir='ltr'><strong>atque</strong></span> <span class='ocrx_word' id='word_1_88' title='bbox 757 1079 934 1146; x_wconf 91' lang='lat' dir='ltr'><strong>impios</strong></span> <span class='ocrx_word' id='word_1_89' title='bbox 969 1079 1290 1146; x_wconf 87' lang='lat' dir='ltr'><strong>impostores,</strong></span> <span class='ocrx_word' id='word_1_90' title='bbox 1334 1077 1415 1144; x_wconf 93' lang='lat' dir='ltr'><strong>qui</strong></span> <span class='ocrx_word' id='word_1_91' title='bbox 1450 1077 1679 1128; x_wconf 90' lang='lat' dir='ltr'><strong>credulos</strong></span> <span class='ocrx_word' id='word_1_92' title='bbox 1723 1077 1909 1128; x_wconf 90' lang='lat' dir='ltr'><strong>animos</strong></span> <span class='ocrx_word' id='word_1_93' title='bbox 1942 1094 2092 1144; x_wconf 86' lang='lat' dir='ltr'><strong>prava</strong></span> <span class='ocrx_word' id='word_1_94' title='bbox 2126 1076 2363 1143; x_wconf 90' lang='lat' dir='ltr'><strong>supersti-</strong></span> 
     </span>
     <span class='ocr_line' id='line_1_11' title="bbox 305 1167 2362 1236; baseline -0.001 -17"><span class='ocrx_word' id='word_1_95' title='bbox 305 1169 439 1219; x_wconf 90' lang='lat' dir='ltr'><strong>tione</strong></span> <span class='ocrx_word' id='word_1_96' title='bbox 472 1169 721 1235; x_wconf 88' lang='lat' dir='ltr'><strong>impleant,</strong></span> <span class='ocrx_word' id='word_1_97' title='bbox 760 1170 1001 1236; x_wconf 90' lang='lat' dir='ltr'><strong>donisque</strong></span> <span class='ocrx_word' id='word_1_98' title='bbox 1046 1178 1097 1220; x_wconf 91' lang='lat' dir='ltr'><strong>et</strong></span> <span class='ocrx_word' id='word_1_99' title='bbox 1139 1169 1397 1220; x_wconf 86' lang='lat' dir='ltr'><strong>sacrificiis</strong></span> <span class='ocrx_word' id='word_1_100' title='bbox 1444 1168 1736 1234; x_wconf 90' lang='lat' dir='ltr'><strong>quibusdum</strong></span> <span class='ocrx_word' id='word_1_101' title='bbox 1776 1168 1949 1218; x_wconf 90' lang='lat' dir='ltr'><strong>oblatis</strong></span> <span class='ocrx_word' id='word_1_102' title='bbox 1981 1169 2195 1218; x_wconf 87' lang='lat' dir='ltr'><strong>&#39;deorum</strong></span> <span class='ocrx_word' id='word_1_103' title='bbox 2240 1167 2362 1216; x_wconf 86' lang='lat' dir='ltr'><strong>iram</strong></span> 
     </span>
     <span class='ocr_line' id='line_1_12' title="bbox 305 1258 2363 1327; baseline -0.001 -18"><span class='ocrx_word' id='word_1_104' title='bbox 305 1259 492 1325; x_wconf 90' lang='lat' dir='ltr'><strong>placari</strong></span> <span class='ocrx_word' id='word_1_105' title='bbox 528 1269 579 1309; x_wconf 90' lang='lat' dir='ltr'><strong>et</strong></span> <span class='ocrx_word' id='word_1_106' title='bbox 612 1268 928 1326; x_wconf 86' lang='lat' dir='ltr'><strong>peccatorum</strong></span> <span class='ocrx_word' id='word_1_107' title='bbox 954 1261 1145 1311; x_wconf 83' lang='lat' dir='ltr'><strong>veniam</strong></span> <span class='ocrx_word' id='word_1_108' title='bbox 1174 1260 1428 1327; x_wconf 89' lang='lat' dir='ltr'><strong>impetrari</strong></span> <span class='ocrx_word' id='word_1_109' title='bbox 1449 1278 1597 1326; x_wconf 91' lang='lat' dir='ltr'><strong>posse</strong></span> <span class='ocrx_word' id='word_1_110' title='bbox 1633 1260 1891 1319; x_wconf 86' lang='lat' dir='ltr'><strong>affirment,</strong></span> <span class='ocrx_word' id='word_1_111' title='bbox 1927 1260 2006 1311; x_wconf 91' lang='lat' dir='ltr'><strong>cui</strong></span> <span class='ocrx_word' id='word_1_112' title='bbox 2026 1258 2363 1325; x_wconf 87' lang='lat' dir='ltr'><strong>superstitioni</strong></span> 
     </span>
     <span class='ocr_line' id='line_1_13' title="bbox 308 1349 2361 1418; baseline -0 -18"><span class='ocrx_word' id='word_1_113' title='bbox 308 1367 405 1417; x_wconf 86' lang='lat' dir='ltr'><strong>quo</strong></span> <span class='ocrx_word' id='word_1_114' title='bbox 440 1350 600 1401; x_wconf 91' lang='lat' dir='ltr'><strong>minus</strong></span> <span class='ocrx_word' id='word_1_115' title='bbox 629 1350 873 1417; x_wconf 86' lang='lat' dir='ltr'><strong>indulgeri</strong></span> <span class='ocrx_word' id='word_1_116' title='bbox 907 1368 999 1418; x_wconf 93' lang='lat' dir='ltr'><strong>per</strong></span> <span class='ocrx_word' id='word_1_117' title='bbox 1042 1368 1185 1402; x_wconf 90' lang='lat' dir='ltr'><strong>sacra</strong></span> <span class='ocrx_word' id='word_1_118' title='bbox 1228 1351 1453 1418; x_wconf 84' lang='lat' dir='ltr'><strong>privatim</strong></span> <span class='ocrx_word' id='word_1_119' title='bbox 1498 1358 1549 1400; x_wconf 91' lang='lat' dir='ltr'><strong>et</strong></span> <span class='ocrx_word' id='word_1_120' title='bbox 1589 1351 1716 1400; x_wconf 91' lang='lat' dir='ltr'><strong>intra</strong></span> <span class='ocrx_word' id='word_1_121' title='bbox 1756 1351 1971 1417; x_wconf 89' lang='lat' dir='ltr'><strong>parietes</strong></span> <span class='ocrx_word' id='word_1_122' title='bbox 2016 1351 2144 1400; x_wconf 82' lang='lat' dir='ltr'><strong>sacta</strong></span> <span class='ocrx_word' id='word_1_123' title='bbox 2189 1349 2361 1416; x_wconf 89' lang='lat' dir='ltr'><strong>possit,</strong></span> 
     </span>
     <span class='ocr_line' id='line_1_14' title="bbox 307 1437 2363 1508; baseline -0 -17"><span class='ocrx_word' id='word_1_124' title='bbox 307 1441 495 1491; x_wconf 87' lang='lat' dir='ltr'><strong>idcirco</strong></span> <span class='ocrx_word' id='word_1_125' title='bbox 530 1441 625 1491; x_wconf 89' lang='lat' dir='ltr'><strong>boc</strong></span> <span class='ocrx_word' id='word_1_126' title='bbox 662 1457 805 1491; x_wconf 91' lang='lat' dir='ltr'><strong>omne</strong></span> <span class='ocrx_word' id='word_1_127' title='bbox 840 1458 995 1508; x_wconf 87' lang='lat' dir='ltr'><strong>genus</strong></span> <span class='ocrx_word' id='word_1_128' title='bbox 1031 1442 1299 1492; x_wconf 90' lang='lat' dir='ltr'><strong>arcendum</strong></span> <span class='ocrx_word' id='word_1_129' title='bbox 1324 1457 1462 1491; x_wconf 80' lang='lat' dir='ltr'><strong>esse:</strong></span> <span class='ocrx_word' id='word_1_130' title='bbox 1497 1437 1569 1485; x_wconf 73' lang='grc' dir='ltr'><strong>ἵνα</strong></span> <span class='ocrx_word' id='word_1_131' title='bbox 1594 1438 1653 1497; x_wconf 80' lang='grc' dir='ltr'><strong>μὴ</strong></span> <span class='ocrx_word' id='word_1_132' title='bbox 1683 1441 1773 1498; x_wconf 77' lang='grc' dir='ltr'><em>ἱερά</em></span> <span class='ocrx_word' id='word_1_133' title='bbox 1801 1459 1844 1486; x_wconf 68' lang='grc' dir='ltr'><strong>τε</strong></span> <span class='ocrx_word' id='word_1_134' title='bbox 1871 1440 1947 1486; x_wconf 78' lang='grc' dir='ltr'><strong>καὶ</strong></span> <span class='ocrx_word' id='word_1_135' title='bbox 1974 1438 2147 1499; x_wconf 75' lang='grc' dir='ltr'>βωμοὺς</span> <span class='ocrx_word' id='word_1_136' title='bbox 2175 1440 2221 1483; x_wconf 80' lang='grc' dir='ltr'><strong>ἐν</strong></span> <span class='ocrx_word' id='word_1_137' title='bbox 2240 1438 2363 1490; x_wconf 81' lang='grc' dir='ltr'><strong><em>ἰδίαις</em></strong></span> 
     </span>
     <span class='ocr_line' id='line_1_15' title="bbox 307 1516 2364 1593; baseline -0 -14"><span class='ocrx_word' id='word_1_138' title='bbox 307 1516 462 1586; x_wconf 64' lang='grc' dir='ltr'><strong><em>οἰκίᾷις</em></strong></span> <span class='ocrx_word' id='word_1_139' title='bbox 491 1535 727 1593; x_wconf 74' lang='grc' dir='ltr'><strong><em>ἱδρυόμενοι</em></strong></span> <span class='ocrx_word' id='word_1_140' title='bbox 765 1535 913 1593; x_wconf 58' lang='grc' dir='ltr'><strong>λάβρα</strong></span> <span class='ocrx_word' id='word_1_141' title='bbox 948 1535 1045 1588; x_wconf 67' lang='grc' dir='ltr'><strong>τοὺς</strong></span> <span class='ocrx_word' id='word_1_142' title='bbox 1081 1536 1211 1588; x_wconf 59' lang='grc' dir='ltr'>θεοὺς</span> <span class='ocrx_word' id='word_1_143' title='bbox 1247 1534 1364 1588; x_wconf 73' lang='grc' dir='ltr'><strong>ἵλεως</strong></span> <span class='ocrx_word' id='word_1_144' title='bbox 1406 1535 1590 1593; x_wconf 77' lang='grc' dir='ltr'><strong><em>οἰόμενοι</em></strong></span> <span class='ocrx_word' id='word_1_145' title='bbox 1628 1539 1757 1579; x_wconf 81' lang='grc' dir='ltr'><strong><em>ποιεῖν</em></strong></span> <span class='ocrx_word' id='word_1_146' title='bbox 1798 1534 1975 1586; x_wconf 56' lang='lat' dir='ltr'><strong>&amp;volate</strong></span> <span class='ocrx_word' id='word_1_147' title='bbox 2012 1552 2053 1579; x_wconf 70' lang='lat' dir='ltr'><strong>re</strong></span> <span class='ocrx_word' id='word_1_148' title='bbox 2092 1534 2169 1580; x_wconf 77' lang='grc' dir='ltr'><strong>καὶ</strong></span> <span class='ocrx_word' id='word_1_149' title='bbox 2214 1535 2364 1590; x_wconf 77' lang='grc' dir='ltr'>εὐχαῖς</span> 
     </span>
     <span class='ocr_line' id='line_1_16' title="bbox 307 1615 2363 1677; baseline 0 -15"><span class='ocrx_word' id='word_1_150' title='bbox 307 1617 455 1669; x_wconf 64' lang='grc' dir='ltr'>αὐτοῖς</span> <span class='ocrx_word' id='word_1_151' title='bbox 481 1636 524 1662; x_wconf 65' lang='grc' dir='ltr'><strong>τε</strong></span> <span class='ocrx_word' id='word_1_152' title='bbox 552 1619 803 1677; x_wconf 64' lang='grc' dir='ltr'><strong><em>ἐγκλήματα</em></strong></span> <span class='ocrx_word' id='word_1_153' title='bbox 841 1620 942 1677; x_wconf 76' lang='grc' dir='ltr'><strong>πρὸς</strong></span> <span class='ocrx_word' id='word_1_154' title='bbox 975 1620 1091 1670; x_wconf 56' lang='grc' dir='ltr'><strong>θεῶν</strong></span> <span class='ocrx_word' id='word_1_155' title='bbox 1126 1621 1326 1664; x_wconf 68' lang='grc' dir='ltr'><strong><em>ποιῶνται</em></strong></span> <span class='ocrx_word' id='word_1_156' title='bbox 1369 1617 1445 1663; x_wconf 68' lang='grc' dir='ltr'><strong>καὶ</strong></span> <span class='ocrx_word' id='word_1_157' title='bbox 1486 1623 1570 1668; x_wconf 64' lang='grc' dir='ltr'><strong>τοῖς</strong></span> <span class='ocrx_word' id='word_1_158' title='bbox 1605 1617 1884 1675; x_wconf 61' lang='grc' dir='ltr'><strong><em>ἐπιτρέπουσι,</em></strong></span> <span class='ocrx_word' id='word_1_159' title='bbox 1924 1616 1999 1661; x_wconf 75' lang='grc' dir='ltr'><strong>καὶ</strong></span> <span class='ocrx_word' id='word_1_160' title='bbox 2027 1620 2150 1662; x_wconf 52' lang='lat' dir='ltr'><strong>:coiea</strong></span> <span class='ocrx_word' id='word_1_161' title='bbox 2176 1615 2308 1670; x_wconf 67' lang='grc' dir='ltr'>οὕτως</span> <span class='ocrx_word' id='word_1_162' title='bbox 2337 1619 2363 1672; x_wconf 76' lang='grc' dir='ltr'>ἡ</span> 
     </span>
     <span class='ocr_line' id='line_1_17' title="bbox 307 1701 2363 1769; baseline -0.001 -16"><span class='ocrx_word' id='word_1_163' title='bbox 307 1701 426 1753; x_wconf 66' lang='grc' dir='ltr'><strong><em>πόλις</em></strong></span> <span class='ocrx_word' id='word_1_164' title='bbox 452 1701 651 1759; x_wconf 72' lang='grc' dir='ltr'>ἀπολαύῃ</span> <span class='ocrx_word' id='word_1_165' title='bbox 679 1704 763 1747; x_wconf 70' lang='grc' dir='ltr'><strong>τῶν</strong></span> <span class='ocrx_word' id='word_1_166' title='bbox 790 1702 962 1758; x_wconf 71' lang='grc' dir='ltr'><strong><em>ἀσεβῶν</em></strong></span> <span class='ocrx_word' id='word_1_167' title='bbox 991 1702 1146 1758; x_wconf 60' lang='lat' dir='ltr'><strong>sotim</strong></span> <span class='ocrx_word' id='word_1_168' title='bbox 1175 1702 1269 1747; x_wconf 72' lang='grc' dir='ltr'><strong><em>τινὰ</em></strong></span> <span class='ocrx_word' id='word_1_169' title='bbox 1299 1702 1489 1753; x_wconf 77' lang='grc' dir='ltr'><strong><em>δικαίως.</em></strong></span> <span class='ocrx_word' id='word_1_170' title='bbox 1545 1701 1650 1752; x_wconf 88' lang='lat' dir='ltr'><strong>Sed</strong></span> <span class='ocrx_word' id='word_1_171' title='bbox 1685 1703 1744 1750; x_wconf 93' lang='lat' dir='ltr'><strong>ab</strong></span> <span class='ocrx_word' id='word_1_172' title='bbox 1772 1702 1863 1750; x_wconf 89' lang='lat' dir='ltr'><strong>hac</strong></span> <span class='ocrx_word' id='word_1_173' title='bbox 1898 1701 2103 1765; x_wconf 86' lang='lat' dir='ltr'><strong>ratione,</strong></span> <span class='ocrx_word' id='word_1_174' title='bbox 2135 1719 2277 1769; x_wconf 88' lang='lat' dir='ltr'><strong>quam</strong></span> <span class='ocrx_word' id='word_1_175' title='bbox 2312 1703 2363 1751; x_wconf 89' lang='lat' dir='ltr'><strong>in</strong></span> 
     </span>
     <span class='ocr_line' id='line_1_18' title="bbox 309 1791 2364 1860; baseline 0.001 -20"><span class='ocrx_word' id='word_1_176' title='bbox 309 1807 401 1841; x_wconf 88' lang='lat' dir='ltr'><strong>sua</strong></span> <span class='ocrx_word' id='word_1_177' title='bbox 433 1791 628 1842; x_wconf 86' lang='lat' dir='ltr'><strong>civitate</strong></span> <span class='ocrx_word' id='word_1_178' title='bbox 662 1793 805 1843; x_wconf 88' lang='lat' dir='ltr'><strong>Plato</strong></span> <span class='ocrx_word' id='word_1_179' title='bbox 835 1794 1076 1860; x_wconf 87' lang='lat' dir='ltr'><strong>sequitur,</strong></span> <span class='ocrx_word' id='word_1_180' title='bbox 1115 1794 1429 1846; x_wconf 87' lang='lat' dir='ltr'><strong>Graecorum</strong></span> <span class='ocrx_word' id='word_1_181' title='bbox 1459 1792 1679 1844; x_wconf 87' lang='lat' dir='ltr'><strong>civitates</strong></span> <span class='ocrx_word' id='word_1_182' title='bbox 1705 1807 1874 1842; x_wconf 88' lang='lat' dir='ltr'><strong>omnes</strong></span> <span class='ocrx_word' id='word_1_183' title='bbox 1896 1791 2176 1858; x_wconf 86' lang='lat' dir='ltr'><strong>longissime</strong></span> <span class='ocrx_word' id='word_1_184' title='bbox 2206 1810 2364 1843; x_wconf 88' lang='lat' dir='ltr'><strong>remo·</strong></span> 
     </span>
     <span class='ocr_line' id='line_1_19' title="bbox 308 1881 2364 1951; baseline 0.001 -19"><span class='ocrx_word' id='word_1_185' title='bbox 308 1891 389 1933; x_wconf 86' lang='lat' dir='ltr'><strong>tae</strong></span> <span class='ocrx_word' id='word_1_186' title='bbox 434 1890 596 1945; x_wconf 87' lang='lat' dir='ltr'><strong>erant,</strong></span> <span class='ocrx_word' id='word_1_187' title='bbox 641 1900 853 1950; x_wconf 88' lang='lat' dir='ltr'><strong>qumque</strong></span> <span class='ocrx_word' id='word_1_188' title='bbox 896 1884 1016 1935; x_wconf 92' lang='lat' dir='ltr'><strong>illud</strong></span> <span class='ocrx_word' id='word_1_189' title='bbox 1067 1884 1231 1951; x_wconf 89' lang='lat' dir='ltr'><strong>ipsum</strong></span> <span class='ocrx_word' id='word_1_190' title='bbox 1274 1900 1430 1951; x_wconf 86' lang='lat' dir='ltr'><strong>genus</strong></span> <span class='ocrx_word' id='word_1_191' title='bbox 1479 1881 1869 1949; x_wconf 86' lang='lat' dir='ltr'><strong>superstitionis,</strong></span> <span class='ocrx_word' id='word_1_192' title='bbox 1913 1882 1993 1932; x_wconf 92' lang='lat' dir='ltr'><strong>cui</strong></span> <span class='ocrx_word' id='word_1_193' title='bbox 2037 1882 2080 1933; x_wconf 91' lang='lat' dir='ltr'><strong>is</strong></span> <span class='ocrx_word' id='word_1_194' title='bbox 2124 1885 2233 1951; x_wconf 87' lang='lat' dir='ltr'><strong>lege</strong></span> <span class='ocrx_word' id='word_1_195' title='bbox 2274 1903 2364 1935; x_wconf 89' lang='lat' dir='ltr'><strong>sua</strong></span> 
     </span>
     <span class='ocr_line' id='line_1_20' title="bbox 309 1971 2364 2042; baseline 0.001 -18"><span class='ocrx_word' id='word_1_196' title='bbox 309 1974 669 2025; x_wconf 87' lang='lat' dir='ltr'><strong>occurrendum</strong></span> <span class='ocrx_word' id='word_1_197' title='bbox 704 1974 899 2037; x_wconf 88' lang='lat' dir='ltr'><strong>statuit,</strong></span> <span class='ocrx_word' id='word_1_198' title='bbox 946 1974 1077 2042; x_wconf 90' lang='lat' dir='ltr'><strong>apud</strong></span> <span class='ocrx_word' id='word_1_199' title='bbox 1121 1993 1291 2026; x_wconf 89' lang='lat' dir='ltr'><strong>omnes</strong></span> <span class='ocrx_word' id='word_1_200' title='bbox 1338 1974 1389 2025; x_wconf 91' lang='lat' dir='ltr'><strong>in</strong></span> <span class='ocrx_word' id='word_1_201' title='bbox 1423 1972 1630 2040; x_wconf 91' lang='lat' dir='ltr'><strong>publicis</strong></span> <span class='ocrx_word' id='word_1_202' title='bbox 1660 1971 1978 2038; x_wconf 87' lang='lat' dir='ltr'><strong>religionibus</strong></span> <span class='ocrx_word' id='word_1_203' title='bbox 2015 1973 2364 2038; x_wconf 86' lang='lat' dir='ltr'><strong>dominaretur,</strong></span> 
     </span>
     <span class='ocr_line' id='line_1_21' title="bbox 309 2065 2364 2133; baseline 0.001 -18"><span class='ocrx_word' id='word_1_204' title='bbox 309 2083 406 2115; x_wconf 91' lang='lat' dir='ltr'><strong>non</strong></span> <span class='ocrx_word' id='word_1_205' title='bbox 444 2073 551 2115; x_wconf 89' lang='lat' dir='ltr'><strong>erat</strong></span> <span class='ocrx_word' id='word_1_206' title='bbox 582 2066 830 2131; x_wconf 84' lang='lat' dir='ltr'><strong>profecto,</strong></span> <span class='ocrx_word' id='word_1_207' title='bbox 868 2085 958 2116; x_wconf 90' lang='lat' dir='ltr'><strong>cur</strong></span> <span class='ocrx_word' id='word_1_208' title='bbox 994 2066 1139 2116; x_wconf 91' lang='lat' dir='ltr'><strong>etiam</strong></span> <span class='ocrx_word' id='word_1_209' title='bbox 1176 2066 1403 2132; x_wconf 86' lang='lat' dir='ltr'><strong>privatim</strong></span> <span class='ocrx_word' id='word_1_210' title='bbox 1439 2067 1559 2116; x_wconf 91' lang='lat' dir='ltr'><strong>deos</strong></span> <span class='ocrx_word' id='word_1_211' title='bbox 1590 2073 1793 2131; x_wconf 89' lang='lat' dir='ltr'><strong>propter</strong></span> <span class='ocrx_word' id='word_1_212' title='bbox 1823 2065 2027 2114; x_wconf 87' lang='lat' dir='ltr'><strong>eandem</strong></span> <span class='ocrx_word' id='word_1_213' title='bbox 2058 2068 2364 2133; x_wconf 90' lang='lat' dir='ltr'><strong>superstitio-</strong></span> 
     </span>
     <span class='ocr_line' id='line_1_22' title="bbox 308 2156 2364 2226; baseline 0.002 -22"><span class='ocrx_word' id='word_1_214' title='bbox 308 2173 420 2205; x_wconf 87' lang='lat' dir='ltr'><strong>nem</strong></span> <span class='ocrx_word' id='word_1_215' title='bbox 451 2156 635 2223; x_wconf 83' lang='lat' dir='ltr'><strong>placari</strong></span> <span class='ocrx_word' id='word_1_216' title='bbox 670 2165 905 2207; x_wconf 85' lang='lat' dir='ltr'><strong>vetarent.</strong></span> <span class='ocrx_word' id='word_1_217' title='bbox 951 2158 1128 2224; x_wconf 87' lang='lat' dir='ltr'><strong>Itaque</strong></span> <span class='ocrx_word' id='word_1_218' title='bbox 1159 2174 1254 2207; x_wconf 92' lang='lat' dir='ltr'><strong>non</strong></span> <span class='ocrx_word' id='word_1_219' title='bbox 1287 2158 1432 2207; x_wconf 91' lang='lat' dir='ltr'><strong>modo</strong></span> <span class='ocrx_word' id='word_1_220' title='bbox 1466 2157 1727 2206; x_wconf 88' lang='lat' dir='ltr'><strong>interdicta</strong></span> <span class='ocrx_word' id='word_1_221' title='bbox 1744 2172 1883 2206; x_wconf 88' lang='lat' dir='ltr'><strong>sacra</strong></span> <span class='ocrx_word' id='word_1_222' title='bbox 1904 2158 2094 2223; x_wconf 87' lang='lat' dir='ltr'><strong>privata</strong></span> <span class='ocrx_word' id='word_1_223' title='bbox 2126 2175 2364 2226; x_wconf 88' lang='lat' dir='ltr'><strong>nusquam</strong></span> 
     </span>
     <span class='ocr_line' id='line_1_23' title="bbox 308 2247 2365 2315; baseline 0.001 -19"><span class='ocrx_word' id='word_1_224' title='bbox 308 2247 550 2309; x_wconf 76' lang='lat' dir='ltr'><strong>videmuS,</strong></span> <span class='ocrx_word' id='word_1_225' title='bbox 580 2247 670 2296; x_wconf 90' lang='lat' dir='ltr'><strong>sed</strong></span> <span class='ocrx_word' id='word_1_226' title='bbox 704 2256 896 2297; x_wconf 90' lang='lat' dir='ltr'><strong>cautum</strong></span> <span class='ocrx_word' id='word_1_227' title='bbox 933 2248 1141 2314; x_wconf 90' lang='lat' dir='ltr'><strong>ubique,</strong></span> <span class='ocrx_word' id='word_1_228' title='bbox 1181 2264 1268 2310; x_wconf 91' lang='lat' dir='ltr'><strong>ne,</strong></span> <span class='ocrx_word' id='word_1_229' title='bbox 1300 2264 1424 2314; x_wconf 88' lang='lat' dir='ltr'><strong>quae</strong></span> <span class='ocrx_word' id='word_1_230' title='bbox 1458 2247 1724 2314; x_wconf 89' lang='lat' dir='ltr'><strong>antiquitus</strong></span> <span class='ocrx_word' id='word_1_231' title='bbox 1759 2248 1936 2297; x_wconf 87' lang='lat' dir='ltr'><strong>tradita</strong></span> <span class='ocrx_word' id='word_1_232' title='bbox 1971 2257 2126 2311; x_wconf 85' lang='lat' dir='ltr'><strong>erant,</strong></span> <span class='ocrx_word' id='word_1_233' title='bbox 2162 2265 2253 2315; x_wconf 90' lang='lat' dir='ltr'><strong>per</strong></span> <span class='ocrx_word' id='word_1_234' title='bbox 2287 2266 2365 2300; x_wconf 86' lang='lat' dir='ltr'><strong>so-</strong></span> 
     </span>
     <span class='ocr_line' id='line_1_24' title="bbox 309 2337 2364 2405; baseline 0.002 -18"><span class='ocrx_word' id='word_1_235' title='bbox 309 2337 526 2388; x_wconf 90' lang='lat' dir='ltr'><strong>cordiam</strong></span> <span class='ocrx_word' id='word_1_236' title='bbox 542 2337 816 2400; x_wconf 88' lang='lat' dir='ltr'><strong>interirent,</strong></span> <span class='ocrx_word' id='word_1_237' title='bbox 851 2354 974 2389; x_wconf 84' lang='lat' dir='ltr'><strong>neve</strong></span> <span class='ocrx_word' id='word_1_238' title='bbox 1010 2339 1274 2405; x_wconf 84' lang='lat' dir='ltr'><strong>quidquam</strong></span> <span class='ocrx_word' id='word_1_239' title='bbox 1294 2339 1343 2388; x_wconf 89' lang='lat' dir='ltr'><strong>in</strong></span> <span class='ocrx_word' id='word_1_240' title='bbox 1379 2339 1472 2389; x_wconf 92' lang='lat' dir='ltr'><strong>hoc</strong></span> <span class='ocrx_word' id='word_1_241' title='bbox 1498 2355 1681 2405; x_wconf 87' lang='lat' dir='ltr'><strong>genere</strong></span> <span class='ocrx_word' id='word_1_242' title='bbox 1703 2338 1943 2389; x_wconf 90' lang='lat' dir='ltr'><strong>honorum</strong></span> <span class='ocrx_word' id='word_1_243' title='bbox 1965 2339 2058 2390; x_wconf 90' lang='lat' dir='ltr'><strong>diis</strong></span> <span class='ocrx_word' id='word_1_244' title='bbox 2089 2340 2364 2391; x_wconf 88' lang='lat' dir='ltr'><strong>debitorum</strong></span> 
     </span>
     <span class='ocr_line' id='line_1_25' title="bbox 308 2428 2364 2495; baseline 0.002 -17"><span class='ocrx_word' id='word_1_245' title='bbox 308 2428 734 2491; x_wconf 89' lang='lat' dir='ltr'><strong>intermitteretur,</strong></span> <span class='ocrx_word' id='word_1_246' title='bbox 765 2446 890 2495; x_wconf 87' lang='lat' dir='ltr'><strong>quae</strong></span> <span class='ocrx_word' id='word_1_247' title='bbox 926 2446 1044 2480; x_wconf 87' lang='lat' dir='ltr'><strong>cura</strong></span> <span class='ocrx_word' id='word_1_248' title='bbox 1078 2436 1132 2480; x_wconf 90' lang='lat' dir='ltr'><strong>ut</strong></span> <span class='ocrx_word' id='word_1_249' title='bbox 1167 2429 1437 2480; x_wconf 89' lang='lat' dir='ltr'><strong>communis</strong></span> <span class='ocrx_word' id='word_1_250' title='bbox 1470 2438 1576 2479; x_wconf 88' lang='lat' dir='ltr'><strong>erat</strong></span> <span class='ocrx_word' id='word_1_251' title='bbox 1612 2428 1825 2481; x_wconf 86' lang='lat' dir='ltr'><strong>Graecis</strong></span> <span class='ocrx_word' id='word_1_252' title='bbox 1861 2447 1969 2479; x_wconf 90' lang='lat' dir='ltr'><strong>cum</strong></span> <span class='ocrx_word' id='word_1_253' title='bbox 2006 2431 2256 2495; x_wconf 88' lang='lat' dir='ltr'><strong>Romanis,</strong></span> <span class='ocrx_word' id='word_1_254' title='bbox 2292 2433 2364 2482; x_wconf 84' lang='lat' dir='ltr'><strong>sic</strong></span> 
     </span>
     <span class='ocr_line' id='line_1_26' title="bbox 311 2519 2362 2589; baseline 0.002 -20"><span class='ocrx_word' id='word_1_255' title='bbox 311 2519 516 2569; x_wconf 88' lang='lat' dir='ltr'><strong>eandem</strong></span> <span class='ocrx_word' id='word_1_256' title='bbox 551 2519 697 2569; x_wconf 91' lang='lat' dir='ltr'><strong>etiam</strong></span> <span class='ocrx_word' id='word_1_257' title='bbox 734 2519 784 2569; x_wconf 91' lang='lat' dir='ltr'><strong>in</strong></span> <span class='ocrx_word' id='word_1_258' title='bbox 821 2519 1079 2569; x_wconf 83' lang='lat' dir='ltr'><strong>Ciceronis</strong></span> <span class='ocrx_word' id='word_1_259' title='bbox 1124 2520 1312 2586; x_wconf 86' lang='lat' dir='ltr'><strong>legibus</strong></span> <span class='ocrx_word' id='word_1_260' title='bbox 1359 2519 1690 2570; x_wconf 85' lang='lat' dir='ltr'><strong>commendari</strong></span> <span class='ocrx_word' id='word_1_261' title='bbox 1727 2519 1953 2569; x_wconf 79' lang='lat' dir='ltr'><strong>vidimus.</strong></span> <span class='ocrx_word' id='word_1_262' title='bbox 2025 2521 2171 2589; x_wconf 77' lang='lat' dir='ltr'><strong>Quod</strong></span> <span class='ocrx_word' id='word_1_263' title='bbox 2202 2531 2362 2573; x_wconf 91' lang='lat' dir='ltr'><strong>autem</strong></span> 
     </span>
     <span class='ocr_line' id='line_1_27' title="bbox 308 2610 2364 2677; baseline 0.002 -17"><span class='ocrx_word' id='word_1_264' title='bbox 308 2619 570 2677; x_wconf 84' lang='lat' dir='ltr'><strong>praeterea</strong></span> <span class='ocrx_word' id='word_1_265' title='bbox 601 2610 883 2677; x_wconf 90' lang='lat' dir='ltr'><strong>adiungitur</strong></span> <span class='ocrx_word' id='word_1_266' title='bbox 920 2626 947 2659; x_wconf 90' lang='lat' dir='ltr'><strong>a</strong></span> <span class='ocrx_word' id='word_1_267' title='bbox 984 2610 1251 2673; x_wconf 86' lang='lat' dir='ltr'><strong>Cicerone,</strong></span> <span class='ocrx_word' id='word_1_268' title='bbox 1290 2628 1353 2660; x_wconf 93' lang='lat' dir='ltr'><strong>ne</strong></span> <span class='ocrx_word' id='word_1_269' title='bbox 1389 2611 1497 2677; x_wconf 91' lang='lat' dir='ltr'><strong>quis</strong></span> <span class='ocrx_word' id='word_1_270' title='bbox 1534 2627 1688 2661; x_wconf 88' lang='lat' dir='ltr'><strong>novos</strong></span> <span class='ocrx_word' id='word_1_271' title='bbox 1733 2611 1853 2660; x_wconf 92' lang='lat' dir='ltr'><strong>deos</strong></span> <span class='ocrx_word' id='word_1_272' title='bbox 1882 2613 1986 2661; x_wconf 82' lang='lat' dir='ltr'><strong>sive</strong></span> <span class='ocrx_word' id='word_1_273' title='bbox 2023 2613 2235 2663; x_wconf 86' lang='lat' dir='ltr'><strong>advenas</strong></span> <span class='ocrx_word' id='word_1_274' title='bbox 2270 2614 2364 2664; x_wconf 90' lang='lat' dir='ltr'><strong>nisi</strong></span> 
     </span>
     <span class='ocr_line' id='line_1_28' title="bbox 309 2700 2362 2774; baseline 0.004 -24"><span class='ocrx_word' id='word_1_275' title='bbox 309 2700 504 2769; x_wconf 90' lang='lat' dir='ltr'><strong>publice</strong></span> <span class='ocrx_word' id='word_1_276' title='bbox 542 2701 757 2751; x_wconf 88' lang='lat' dir='ltr'><strong>adscitos</strong></span> <span class='ocrx_word' id='word_1_277' title='bbox 801 2700 1028 2768; x_wconf 87' lang='lat' dir='ltr'><strong>privatim</strong></span> <span class='ocrx_word' id='word_1_278' title='bbox 1065 2702 1217 2765; x_wconf 90' lang='lat' dir='ltr'><strong>colat,</strong></span> <span class='ocrx_word' id='word_1_279' title='bbox 1257 2702 1350 2753; x_wconf 91' lang='lat' dir='ltr'><strong>hoc</strong></span> <span class='ocrx_word' id='word_1_280' title='bbox 1381 2718 1497 2752; x_wconf 91' lang='lat' dir='ltr'><strong>num</strong></span> <span class='ocrx_word' id='word_1_281' title='bbox 1538 2702 1847 2754; x_wconf 85' lang='lat' dir='ltr'><strong>Graecarum</strong></span> <span class='ocrx_word' id='word_1_282' title='bbox 1890 2702 2138 2755; x_wconf 87' lang='lat' dir='ltr'><strong>civitatum</strong></span> <span class='ocrx_word' id='word_1_283' title='bbox 2175 2706 2362 2774; x_wconf 86' lang='lat' dir='ltr'><strong>legibus</strong></span> 
     </span>
     <span class='ocr_line' id='line_1_29' title="bbox 308 2792 2363 2862; baseline 0.002 -19"><span class='ocrx_word' id='word_1_284' title='bbox 308 2792 532 2843; x_wconf 92' lang='lat' dir='ltr'><strong>similiter</strong></span> <span class='ocrx_word' id='word_1_285' title='bbox 560 2801 754 2844; x_wconf 89' lang='lat' dir='ltr'><strong>cautum</strong></span> <span class='ocrx_word' id='word_1_286' title='bbox 786 2793 953 2856; x_wconf 85' lang='lat' dir='ltr'><strong>suerit,</strong></span> <span class='ocrx_word' id='word_1_287' title='bbox 989 2793 1262 2860; x_wconf 86' lang='lat' dir='ltr'><strong>ambigitur.</strong></span> <span class='ocrx_word' id='word_1_288' title='bbox 1331 2796 1407 2845; x_wconf 88' lang='lat' dir='ltr'><strong>Ac</strong></span> <span class='ocrx_word' id='word_1_289' title='bbox 1438 2794 1500 2844; x_wconf 92' lang='lat' dir='ltr'><strong>de</strong></span> <span class='ocrx_word' id='word_1_290' title='bbox 1532 2793 1713 2844; x_wconf 88' lang='lat' dir='ltr'><strong>ceteris</strong></span> <span class='ocrx_word' id='word_1_291' title='bbox 1741 2794 1954 2860; x_wconf 91' lang='lat' dir='ltr'><strong>quidem,</strong></span> <span class='ocrx_word' id='word_1_292' title='bbox 1991 2812 2194 2862; x_wconf 89' lang='lat' dir='ltr'><strong>quarum</strong></span> <span class='ocrx_word' id='word_1_293' title='bbox 2227 2797 2363 2849; x_wconf 88' lang='lat' dir='ltr'><strong>insti-</strong></span> 
     </span>
     <span class='ocr_line' id='line_1_30' title="bbox 307 2884 2364 2957; baseline 0.003 -23"><span class='ocrx_word' id='word_1_294' title='bbox 307 2890 413 2934; x_wconf 85' lang='lat' dir='ltr'><strong>tuta</strong></span> <span class='ocrx_word' id='word_1_295' title='bbox 447 2890 652 2951; x_wconf 86' lang='lat' dir='ltr'><strong>propter</strong></span> <span class='ocrx_word' id='word_1_296' title='bbox 686 2892 1108 2935; x_wconf 89' lang='lat' dir='ltr'><strong>monumentorum</strong></span> <span class='ocrx_word' id='word_1_297' title='bbox 1155 2901 1211 2935; x_wconf 89' lang='lat' dir='ltr'><strong>ac</strong></span> <span class='ocrx_word' id='word_1_298' title='bbox 1254 2884 1642 2936; x_wconf 89' lang='lat' dir='ltr'><strong>testimoniorum</strong></span> <span class='ocrx_word' id='word_1_299' title='bbox 1681 2885 1925 2937; x_wconf 85' lang='lat' dir='ltr'><strong>defectum</strong></span> <span class='ocrx_word' id='word_1_300' title='bbox 1964 2904 2132 2954; x_wconf 90' lang='lat' dir='ltr'><strong>parum</strong></span> <span class='ocrx_word' id='word_1_301' title='bbox 2171 2890 2364 2957; x_wconf 83' lang='lat' dir='ltr'><strong>cognita</strong></span> 
     </span>
    </p>
   </div>
  </div>
 </body>
</html>
