2714 3621
300 320 457 372 batur.
530 313 641 368 >Sed
685 313 748 362 de
792 312 1002 364 Socrate
1051 323 1224 381 postea
1267 315 1530 366 dicendum
1586 313 1698 363 erit.
1775 312 1987 380 Josephi
2029 320 2193 363 autem
2236 312 2363 362 illam

298 410 672 474 legemquanto
706 404 986 472 diligentius
1024 405 1486 470 considero,>tanto
1531 405 1690 454 minus
1736 404 1850 453 mihi
1885 404 2170 454 credibilem
2208 403 2362 453 videri

298 497 549 565 profiteor.
622 496 701 545 De
726 496 1003 563 peregrinis
1022 496 1118 547 diis
1144 498 1376 565 loquitur.
1431 497 1643 565 Quinam
1661 505 1775 544 sunt
1800 495 1949 561 igitur
1978 496 2044 544 dii
2074 494 2364 562 peregrini?

298 589 401 649 llli,
438 585 674 649 arbitror,
713 604 836 653 quos
872 587 1232 654 Aristophanes
1275 588 1452 640 alicubi
1499 589 1732 638 barbaros
1768 586 1902 649 dicit,
1942 587 2052 637 h.e.
2087 587 2220 653 apud
2257 588 2361 637 bar-

297 680 438 728 baros
470 676 604 741 culti,
643 676 855 730 Graecis
882 677 1049 745 ignoti.
1123 679 1272 746 Atqui
1306 679 1354 730 hi
1389 679 1484 746 ipsi
1517 687 1679 730 tamen
1705 679 2019 728 barbarorum
2057 676 2125 728 dii
2144 676 2360 730 Graecis
2448 687 2451 689 ’

296 767 491 818 nomine
525 768 678 835 magis
719 777 769 818 et
813 767 1045 836 opinione
1081 786 1223 836 quam
1269 787 1327 821 re
1361 769 1469 836 ipsa
1508 778 1559 819 et
1603 778 1776 819 natura
1810 767 1993 819 diversi
2035 784 2063 818 a
2105 768 2209 820 suis
2247 785 2360 819 esse

299 858 605 909 videbantur.
677 859 799 909 Nam
838 876 954 910 vera
983 859 1186 910 deorum
1225 860 1418 911 nomina
1449 877 1510 909 ne
1545 859 1637 909 sibi
1670 858 1865 925 quidem
1903 869 2018 909 nota
2046 877 2159 909 esse
2184 859 2358 910 intelli-

293 950 486 1015 gebaut‚
521 949 670 1014 idque
707 949 852 999 etiam
888 949 935 999 in
967 950 1197 1016 precibus
1231 950 1457 1017 profiteri
1494 949 1781 1015 veniamque
1809 949 1996 998 erroris
2029 959 2201 1015 petere
2232 952 2356 999 sole-

293 1040 484 1105 bant⁸)=
521 1056 663 1106 quam
701 1041 763 1090 ob
797 1057 902 1089 rem
935 1057 1030 1091 non
1062 1049 1170 1091 erat
1204 1042 1447 1108 profecto,
1482 1058 1573 1091 cur
1602 1042 1805 1090 barbara
1838 1041 2030 1090 nomina
2065 1041 2159 1090 diis
2199 1042 2357 1092 minus

291 1139 430 1195 grata
471 1138 522 1179 et
572 1140 775 1197 accepta
819 1148 961 1197 quam
1007 1148 1184 1199 graeca
1225 1149 1338 1181 esse
1381 1131 1659 1181 crederent.
1731 1132 1808 1180 De
1844 1131 2069 1198 personis
2098 1140 2262 1182 autem
2298 1149 2357 1183 ac

294 1221 464 1271 formis
509 1221 713 1283 divinis,
767 1232 818 1271 et
867 1239 992 1289 quae
1028 1223 1269 1290 cuiusque
1297 1222 1499 1290 propria
1536 1237 1760 1282 munera,
1795 1238 1921 1288 quae
1951 1230 2187 1288 potestas,
2223 1226 2353 1291 quod

294 1330 473 1364 numen
511 1322 661 1376 esset,
698 1330 792 1363 nou
823 1314 1107 1380 ignorabant
1143 1315 1380 1381 quidquid
1411 1314 1643 1364 traditum
1683 1315 1812 1380 apud
1857 1331 1913 1363 se
1950 1324 2084 1364 esset
2117 1316 2355 1381 opinioni·

294 1406 384 1454 bus
425 1405 589 1469 potius
634 1414 684 1453 et
726 1405 1025 1456 coniecturis
1072 1422 1215 1472 quam
1263 1415 1400 1456 certa
1439 1415 1490 1455 et
1515 1404 1827 1455 indubitabili
1866 1405 2072 1455 scientia
2111 1416 2355 1470 constare,

294 1511 558 1562 veramque
595 1512 760 1545 rerum
797 1495 1067 1546 divinarum
1098 1496 1423 1562 cognitionem
1455 1495 1547 1546 sibi
1582 1495 1700 1546 solis
1744 1494 2025 1561 contigisse,
2063 1496 2170 1545 aliis
2208 1497 2355 1547 dene—

294 1581 456 1652 gatam
495 1602 626 1648 esse,
662 1602 757 1634 uon
772 1586 1102 1652 gloriabantur
1113 1586 1169 1654 ⁹).
1237 1586 1373 1636 Hinc
1389 1585 1556 1653 igitur,
1592 1584 1808 1653 quamvis
1823 1584 1871 1633 in
1905 1584 2187 1636 universum
2221 1595 2354 1637 tena-

296 1693 380 1726 ces
425 1685 592 1726 essent
637 1677 903 1742 patriarum
953 1677 1263 1744 religionum,
1308 1686 1359 1726 et
1397 1677 1458 1726 iis
1487 1677 1791 1743 potissimum
1825 1675 2099 1726 nominibus
2127 1677 2249 1727 deos
2284 1679 2354 1728 in-

295 1768 568 1829 vocandos,
609 1768 669 1816 iis
715 1768 870 1816 sacris
917 1769 1150 1817 colendos
1188 1785 1301 1817 esse
1336 1769 1623 1829 crederent,
1683 1784 1806 1833 quae
1850 1777 2017 1815 essent
2059 1768 2106 1815 in
2161 1786 2353 1836 quaque

296 1859 493 1908 civitate
532 1875 559 1907 a
596 1858 860 1907 maioribus
896 1858 1074 1907 tradita
1088 1858 1164 1920 ¹⁰),
1200 1866 1362 1908 tamen
1391 1858 1485 1907 alia
1513 1858 1705 1908 nomina
1738 1857 1955 1922 aliosque
1989 1857 2112 1907 ritus
2143 1876 2233 1908 cur
2258 1860 2353 1909 diis

295 1966 499 2016 prorsus
536 1949 735 2010 invisos,
779 1949 992 2015 ideoque
1040 1949 1280 2000 arcendos
1319 1965 1346 1998 a
1392 1948 1587 1999 civitate
1629 1956 1679 1998 et
1720 1965 1781 1998 ne
1825 1948 1873 1997 in
1920 1948 2119 2015 privatis
2155 1950 2351 2016 quidem

295 2040 449 2091 sacris
480 2040 758 2091 tolerandos
795 2057 906 2090 esse
941 2048 1186 2106 putarent,
1222 2041 1353 2091 nulla
1385 2039 1648 2107 probabilis
1674 2055 1818 2090 causa
1846 2049 1968 2101 erat,
2003 2038 2149 2091 immo
2182 2059 2352 2093 veren-

295 2133 409 2182 dum
457 2132 642 2198 potiuS,
684 2148 769 2194 ne,
813 2131 854 2181 si
898 2130 1040 2181 nimis
1086 2131 1134 2180 in
1181 2132 1275 2182 hoc
1319 2148 1503 2198 genere
1551 2131 1728 2181 morosi
1766 2138 1954 2193 essent,
1998 2131 2175 2182 debitis
2206 2133 2350 2185 etiam

293 2223 543 2291 gratisque
590 2223 852 2273 honoribus
899 2222 1019 2271 deos
1064 2222 1365 2273 fraudarent.
1435 2221 1720 2289 Peregrinis
1751 2222 1945 2289 quidem
1977 2232 2111 2272 certe
2149 2224 2353 2276 homini-

295 2318 403 2377 bus,
435 2315 515 2381 qui
552 2332 615 2364 ex
644 2315 803 2381 aliqua
835 2315 1150 2364 barbarorum
1187 2324 1337 2377 terra,
1370 2331 1398 2363 e
1435 2314 1666 2375 Thracia,
1704 2314 1882 2380 Mysia,
1920 2315 2151 2380 Phrygia,
2189 2317 2352 2380 Caria,

395 2508 436 2557 8)
462 2510 541 2547 vid.
561 2509 654 2546 Plat.
675 2507 813 2553 Cratyl.
833 2517 869 2556 p.
891 2501 987 2552 400,
1015 2516 1096 2544 cum
1131 2506 1332 2545 Heindorm
1364 2517 1518 2553 comm„
1552 2493 1790 2553 eiusdemque
1821 2509 1946 2544 annot.
1971 2507 2018 2544 ad
2052 2506 2180 2546 Horat.
2207 2508 2288 2548 Sat.
2308 2511 2352 2556 11,

294 2580 331 2627 6,
352 2577 415 2628 ⁶20,
443 2591 585 2628 nosque
612 2582 660 2619 ad
681 2581 855 2628 Aeschyl.
874 2580 1061 2619 Prometh.
1080 2589 1115 2628 p.
1134 2577 1196 2618 98.
1868 2563 1871 2565 ’

398 2653 438 2703 9)
466 2655 572 2694 Cous.
592 2655 768 2705 opuscul.
788 2664 848 2693 ac.
871 2654 883 2692 1
915 2663 950 2703 p.
970 2650 1056 2691 335.

376 2726 441 2777 10)
472 2728 626 2769 Hesion.
646 2736 708 2779 ap.
732 2728 911 2778 Porphyr.
931 2728 967 2767 d.
986 2728 1082 2767 anst.
1101 2726 1146 2775 11,
1171 2724 1232 2766 18:
1279 2723 1335 2773 ὥς
1368 2737 1412 2765 κε
1440 2724 1556 2774 πόλις
1584 2724 1737 2781 ῥέζῃσι·
1766 2723 1895 2775 νόμος
1923 2720 1957 2763 δ’
1984 2720 2147 2776 ἀρχαῖος
2174 2723 2352 2780 ἄριστος.

298 2802 391 2841 And.
410 2801 594 2842 Draconis
624 2802 747 2850 legem
778 2809 839 2852 ap.
858 2801 1015 2842 eundem
1043 2800 1101 2849 lv,
1131 2798 1205 2842 22:
1233 2808 1346 2852 porro
1372 2799 1452 2840 Cic.
1471 2800 1519 2841 de
1543 2800 1644 2850 legg.
1663 2800 1708 2848 11,
1730 2798 1790 2847 16,
1808 2796 1871 2839 40.
1903 2798 2071 2850 xenoph.
2090 2799 2199 2841 Mem.
2219 2800 2248 2850 1,
2266 2799 2303 2850 3,
2325 2799 2358 2843 1.

297 2874 354 2920 lv,
372 2873 410 2920 3,
432 2873 480 2913 16
505 2877 544 2914 et
569 2876 644 2914 alla
678 2876 774 2924 apud
803 2875 1075 2922 Naegelsbach.
1095 2876 1129 2913 d.
1149 2875 1570 2922 nachhom.‘1'heologle
1596 2875 1664 2914 des
1691 2883 1748 2922 gr.
1767 2873 2083 2921 Volksglaubens,
2109 2882 2147 2924 p.
2166 2872 2256 2914 201.

2063 2960 2086 2993 2
