2714 3621
314 298 482 350 sertim
519 296 569 346 in
597 294 881 345 adversario
927 296 1246 363 exagitando,
1278 293 1560 362 longissime
1594 311 1622 343 a
1671 305 1891 345 veterum
1939 305 2189 346 oratorum
2229 309 2365 344 more

313 397 553 440 remotum
595 400 708 434 esse
738 385 858 436 satis
893 394 1096 438 constat.

532 476 756 527 Alterum
791 485 966 528 testem
1001 478 1320 528 Hermannus
1365 475 1681 526 Plutarchum
1726 480 1962 543 appellat,
1998 478 2081 528 vit.
2106 475 2364 527 Demosth-

315 586 357 619 c.
384 567 463 628 14,
499 582 643 631 quem
680 583 776 632 quo
812 566 1016 617 consilio
1052 566 1277 617 citaverit
1314 574 1365 615 et
1396 565 1623 631 quidnam
1651 566 1796 616 huius
1831 569 2159 619 testimonium
2195 567 2364 616 facere
2392 565 2394 567 ’

313 673 461 725 posse
507 655 775 706 crediderit
818 657 879 707 ad
922 656 1211 707 sententiam
1255 673 1392 707 suam
1434 657 1843 723 comprobandam
1888 674 2029 709 nemo
2071 658 2216 709 facile
2251 671 2362 722 per-

311 747 502 815 spiciet.
563 746 695 796 Nihil
729 748 856 797 enim
892 747 1188 797 Plutarchus
1220 747 1313 798 nisi
1350 746 1653 798 Theoi-idem
1690 747 1928 813 quandam
1974 749 2099 815 (sive
2128 745 2362 798 Theodo-

311 837 495 905 ridem)
518 838 825 888 sacerdotem
845 855 874 888 a
892 837 1229 889 Demosthene
1257 846 1533 889 accusatam
1556 838 2020 905 condemnatamque
2056 855 2167 889 esse
2197 846 2363 888 narrat

312 944 461 995 quum
493 935 698 995 propter
736 928 830 979 alia
872 928 1074 992 delicta,
1110 936 1214 979 tum
1248 928 1380 996 quod
1414 927 1616 979 servitia
1648 929 1709 978 ad
1746 928 2006 979 fallendum
2040 929 2360 993 fraudemque

266 1062 269 1067 .
311 1018 521 1069 dominis
548 1019 820 1069 faciendam
854 1019 1147 1070 instrueret:
1175 1019 1446 1077 κατηγόρησε
1474 1018 1535 1073 δέ,
1568 1018 1753 1084 inquit,
1782 1018 1858 1063 καὶ
1878 1020 1948 1072 τῆς
1970 1018 2118 1075 ἱερείας
2144 1018 2360 1075 Θεωρίδος,

310 1111 369 1163 ὧς
396 1106 511 1156 ἄλλα
538 1131 581 1156 τε
608 1111 954 1171 ῥᾳδιουργούσης
980 1112 1114 1158 πολλὰ
1144 1109 1220 1158 καὶ
1250 1110 1349 1162 τοὺς
1382 1111 1565 1163 δούλους
1592 1112 1809 1168 ἐξαπατᾶν
1839 1111 2150 1167 διδασκούσης·
2180 1110 2254 1157 καὶ
2279 1124 2358 1161 ἕα-

310 1189 445 1235 vdrov
468 1191 752 1248 τιμησάμενος
779 1191 1003 1237 ἀπέκτεινε.
1069 1191 1245 1257 Neque
1293 1190 1444 1256 igitur
1489 1191 1742 1242 cuiusnam
1794 1192 1874 1242 dei
1920 1193 2153 1242 sacerdos
2195 1191 2359 1250 fuerit,

312 1296 404 1329 nec
440 1280 600 1345 qualia
640 1298 782 1331 sacra
823 1282 999 1331 fecerit
1035 1299 1100 1331 ex
1144 1281 1220 1330 his
1272 1281 1528 1330 Plutarchi
1577 1283 1743 1332 verbis
1787 1282 1990 1347 intelligi
2035 1292 2210 1347 potest.
2281 1283 2358 1331 De

310 1370 483 1420 eadem
519 1371 774 1422 Theoride
803 1372 946 1422 etiam
975 1373 1018 1423 is
1045 1372 1285 1439 loquitur,
1322 1370 1462 1421 cuius
1503 1380 1580 1423 est
1612 1373 1769 1424 oratio
1801 1370 1957 1438 prima
1991 1371 2041 1420 in
2072 1372 2359 1439 Aristogito-

309 1477 439 1523 nem,
474 1478 598 1529 quae
635 1471 796 1515 exstat
823 1463 952 1515 inter
985 1461 1409 1524 Demosthenicas,
1452 1479 1502 1529 p.
1521 1462 1648 1526 793,
1676 1462 1930 1514 Lemniam
1962 1479 2069 1513 eam
2104 1472 2155 1515 et
2183 1482 2359 1520 φαρμα-

310 1550 412 1597 κίδα
446 1551 632 1617 dicens,
666 1554 923 1606 veneficiis
958 1571 1068 1605 cum
1102 1551 1510 1604 incantationibus
1542 1571 1707 1617 usam3
1758 1554 1975 1622 itemque
2012 1553 2360 1622 Harpocratio,

311 1644 396 1710 qui
430 1660 496 1694 ex
528 1645 826 1696 Philochoro
871 1646 1051 1709 refert,
1091 1644 1401 1710 haruspicem
1437 1644 1635 1712 (μάντιν)
1674 1647 1829 1698 fuisse
1875 1655 1926 1697 et
1970 1647 2232 1713 impietatis
2266 1646 2356 1694 cri-

310 1734 440 1784 mine
469 1734 757 1786 damnatam.
826 1736 1098 1803 Impietatis
1131 1742 1397 1801 propterea
1428 1737 1668 1801 postulari
1694 1738 1869 1803 potuit,
1905 1738 2035 1804 quod
2070 1736 2250 1798 sacris,
2281 1735 2356 1784 iti-

310 1825 424 1877 dem
452 1833 507 1877 ut
549 1826 732 1889 Ninus,
778 1826 841 1877 ad
882 1825 1122 1878 veneficia
1165 1842 1276 1877 cum
1319 1824 1724 1878 incantationibus
1770 1829 1920 1878 abusa
1969 1835 2124 1878 esset:
2164 1825 2357 1877 exotica

308 1916 433 1965 haec
451 1922 502 1966 et
520 1915 894 1981 peregrinorum
914 1915 1165 1965 numinum
1188 1932 1331 1964 sacra
1363 1914 1534 1975 fuisse,
1571 1917 1789 1980 quamvis
1819 1917 2051 1965 credibile
2087 1916 2166 1977 sit,
2197 1926 2358 1964 tamen

309 2024 339 2055 a
371 2008 504 2056 nullo
534 2008 777 2073 proditum
815 2016 907 2070 est,
937 2016 988 2056 et
1015 2008 1058 2056 si
1093 2007 1305 2055 maxime
1340 2006 1587 2072 proditum
1620 2018 1770 2070 esset,
1807 2010 1881 2056 vel
1902 2009 1973 2055 sic
1999 2023 2094 2055 non
2129 2007 2355 2071 liqueret,

308 2098 432 2147 haec
475 2099 602 2160 sola,
646 2099 791 2148 etiam
831 2100 1015 2164 absque
1059 2097 1288 2148 veneficii
1326 2096 1556 2158 crimine,
1612 2098 1672 2146 ad
1724 2098 2170 2147 condemnationem
2209 2096 2354 2146 suffe·

309 2193 450 2236 ctura
475 2185 645 2238 fuisse.

527 2277 687 2345 Magis
718 2279 781 2330 ad
811 2297 916 2330 rem
946 2277 1161 2344 pertinet
1202 2277 1413 2343 Josephi
1446 2277 1799 2339 testimouium,
1843 2277 1952 2327 adv.
1971 2278 2150 2343 Apion.
2171 2276 2243 2337 11,
2269 2275 2357 2331 37,

306 2366 360 2416 Is
391 2367 519 2417 enim
555 2384 652 2418 non
688 2369 833 2420 modo
869 2368 1050 2419 Ninum
1085 2368 1231 2429 illam,
1264 2367 1326 2417 de
1363 2384 1457 2433 qua
1491 2382 1640 2431 supra
1675 2366 1904 2430 diximuS‚
1941 2375 2207 2434 propterea
2225 2367 2355 2416 dam-

308 2465 469 2507 natam
507 2475 620 2507 esse
653 2459 735 2520 ait,
765 2459 895 2525 quod
925 2457 1191 2508 initiaverit
1224 2455 1445 2505 homines
1482 2463 1765 2506 exterorum
1808 2457 2013 2506 deorum
2048 2458 2230 2519 sacris,
2266 2456 2355 2505 sed

307 2546 443 2596 addit
476 2548 638 2610 etiam,
675 2549 770 2597 hoc
796 2548 1168 2598 Atheniensium
1197 2546 1385 2611 legibus
1419 2545 1715 2609 prohibitum
1746 2555 1797 2595 et
1826 2536 2020 2611 capitali
2055 2563 2215 2612 poena
2248 2563 2356 2594 san-

307 2634 455 2685 citum
490 2637 662 2700 fuisse,
696 2654 759 2686 ne
796 2638 904 2703 quis
941 2645 1141 2687 exteros
1176 2637 1298 2685 deos
1327 2635 1690 2685 introduceret:
1721 2634 1849 2678 Νίνου
1876 2635 1955 2692 μὲν
1985 2636 2074 2694 γὰρ
2103 2636 2178 2690 τὴν
2203 2636 2357 2692 ἱέρειαν

306 2726 580 2787 ἀπέκτειναν,
621 2732 710 2775 ἐπεί
734 2751 793 2782 τις
830 2731 960 2783 αὐγῆς
989 2730 1304 2788 κατηγόρησειί,
1349 2726 1411 2773 ὅτι
1445 2731 1579 2786 ξένοις
1602 2730 1716 2785 ἐμύει
1750 2734 1877 2779 ῥεοῖς.
1935 2730 2053 2787 νόμῳ
2086 2732 2123 2774 δ’
2156 2726 2209 2783 ἦν
2235 2731 2356 2774 τοῦτο

305 2811 403 2864 παρ’
444 2814 590 2865 αὐτοῖς
632 2815 929 2870 κεκωλυμένον
941 2846 954 2868 ,
1006 2813 1080 2856 καὶ
1124 2813 1298 2869 τιμωρία
1335 2813 1449 2854 κατὰ
1486 2813 1569 2853 τῶν
1609 2814 1729 2866 «ξένον
1768 2813 2032 2868 εἰσαγόντων
2068 2822 2173 2863 θεὸν
2208 2812 2360 2869 ὥριστο
